<a id="top" class="anchor anchor-offset"></a>
<div
  id="signInModal"
  class="modal"
  data-oc-controller="MyAccount.ReturningCustomerModal"
  tabindex="-1"
  role="dialog"
>
  <div class="modal-dialog" role="document">
    <div class="row justify-content-center">
      <div class="col-md-8">
        <div class="modal-content rounded shadow">
          <div class="modal-header border-0 px-3 pt-3 pb-0 flex-column">
            <div
              class="icoaldi-close-circle btn-close ml-auto"
              data-dismiss="modal"
              aria-label="Close"
            >
              <span class="sr-only">Close</span>
            </div>
            <div class="align-self-center">
              <div class="onboarding-form-title">Log In*</div>
              <div class="onboarding-form-subtitle">
                Welcome back to Aldi Click &amp; Collect !
              </div>
            </div>
          </div>
          <div class="modal-body pt-0">
            <div
              data-templateid="ReturningCustomerFormsServerValidations"
            ></div>
            <form
              name="login"
              data-oc-submit="login"
              method="post"
              autocomplete="on"
              action="#"
              novalidate=""
            >
              <div class="form-group required">
                <div class="d-flex justify-content-between">
                  <label for="username">Email Address</label>
                  <div class="form-label-hint">*Required information</div>
                </div>
                <input
                  id="username"
                  data-qa="login-email"
                  class="form-control"
                  name="Username"
                  type="email"
                  placeholder="e.g. john.smith@gmail.com"
                  required="true"
                  data-parsley-required-message="Email is required"
                  data-parsley-id="5741"
                />
                <ul class="parsley-errors-list" id="parsley-id-5741"></ul>
              </div>
              <div class="form-group required">
                <label for="password">Password</label
                ><input
                  id="password"
                  data-qa="login-password"
                  class="form-control"
                  name="Password"
                  autocomplete="off"
                  type="password"
                  required="true"
                  data-parsley-id="5597"
                />
                <ul class="parsley-errors-list" id="parsley-id-5597"></ul>
              </div>
              <div class="form-group mb-0 text-right">
                <a class="cta small text-dark" href="/en-GB/forgot-password"
                  >Forgot your password?</a
                >
              </div>
              <div class="form-group mb-0">
                <div class="checkbox">
                  <input
                    type="checkbox"
                    name="IsRememberMe"
                    data-parsley-multiple="IsRememberMe"
                    data-parsley-id="1654"
                  /><label> Stay logged in<br /></label>
                </div>
                <ul
                  class="parsley-errors-list"
                  id="parsley-id-multiple-IsRememberMe"
                ></ul>
              </div>
              <div class="form-label-hint mb-2">
                If this is a public or shared device, uncheck and sign out when
                you're done to protect your account.
              </div>
              <div class="form-group">
                <div id="recaptcha" class="g-recaptcha" style="">
                  <div style="width: 304px; height: 78px">
                    <div>
                      <iframe
                        title="reCAPTCHA"
                        width="304"
                        height="78"
                        role="presentation"
                        name="a-fobu38d388q1"
                        frameborder="0"
                        scrolling="no"
                        sandbox="allow-forms allow-popups allow-same-origin allow-scripts allow-top-navigation allow-modals allow-popups-to-escape-sandbox allow-storage-access-by-user-activation"
                        src="https://www.google.com/recaptcha/enterprise/anchor?ar=1&amp;k=6Lf7w_0cAAAAANSJoB53wo2j-1xXFRdxfhvXbl-P&amp;co=aHR0cHM6Ly9ncm9jZXJpZXMuYWxkaS5jby51azo0NDM.&amp;hl=en&amp;v=vj7hFxe2iNgbe-u95xTozOXW&amp;size=normal&amp;cb=8urnl3d7a4xp"
                      ></iframe>
                    </div>
                    <textarea
                      id="g-recaptcha-response"
                      name="g-recaptcha-response"
                      class="g-recaptcha-response"
                      style="
                        width: 250px;
                        height: 40px;
                        border: 1px solid rgb(193, 193, 193);
                        margin: 10px 25px;
                        padding: 0px;
                        resize: none;
                        display: none;
                      "
                    ></textarea>
                  </div>
                </div>
                <button
                  data-qa="login-submit"
                  type="submit"
                  class="btn btn-block btn-transactional"
                >
                  Log In
                  <span
                    class="loading-indicator fa fa-spin fa-fw fa-circle-o-notch d-none"
                  ></span>
                </button>
              </div>
            </form>
            <div class="small mb-2 text-center">
              Don't have an account yet?*
              <a id="registerLink" href="/en-GB/create-account">Register</a>
            </div>
            <div class="form-label-hint">
              *Please note, you will need to register to use our new online
              Grocery Click &amp; Collect service even if you have an account at
              aldi.co.uk. <a href="/en-GB/FAQ" target="_blank">Learn more</a>
            </div>
          </div>
          <div class="modal-footer justify-content-center border-top">
            <a
              class="create-account-guest-link cta small text-dark"
              href="/en-GB/groceries"
              >Browse as guest</a
            >
          </div>
        </div>
      </div>
    </div>
  </div>
</div>
<header class="masthead masthead-with-mega-menu sticky-top sps sps--blw">
  <div class="header">
    <nav class="navbar fixed-top navbar-expand navbar-dark bg-primary p-0">
      <div class="container-md px-lg-2 pr-3 px-md-0">
        <button
          id="menu-wrapper"
          class="nav-item navbar-toggler d-block d-lg-none main-nav-toggle pr-0"
          aria-label="Menu"
          type="button"
          data-toggle="collapse"
          data-target="#main-nav-collapse"
          aria-expanded="false"
        >
          <span class="navbar-toggler-icon"></span
          ><span class="hamburger-menu-text mobile-menu-text"> MENU</span>
        </button>
        <ul class="nav main-nav-sticky"></ul>
        <div
          id="vueSelectedStoreInHeader"
          data-oc-controller="Store.SelectedStoreInHeader"
          class="selected-store-in-header"
        >
          <ul class="navbar-nav p-0">
            <li class="nav-item">
              <a href="#" class="nav-link store-link"
                ><span class="d-none d-lg-inline"
                  ><i class="icoaldi-store text-white h5 mr-2"></i
                  ><span class="text-uppercase"
                    >Book Collection Slot</span
                  ></span
                ><span
                  class="d-flex flex-column align-items-center d-lg-none text-uppercase mobile-menu-text"
                  ><i class="icoaldi-store text-white h5 m-0 mb-1 mt-2"></i
                  ><span class="d-none d-sm-inline">Book Collection Slot</span
                  ><span class="d-sm-none">Book C&amp;C Slot</span></span
                ></a
              >
            </li>
            <li>
              <span
                class="vertical-division nav-icon-lg d-none d-lg-block"
              ></span>
            </li>
          </ul>
        </div>
        <div class="nav-item">
          <a class="fixed-logo" href="/en-GB/"
            ><img
              src="//aldiprdcmscontent.azureedge.net/UI.Package/Images/aldi_logo.svg?4c3c602d"
              alt="aldi logo"
              class="main-logo"
          /></a>
        </div>
        <ul class="navbar-nav search-icon-nav ml-auto sps sps--blw nav-icon-sm">
          <li class="nav-item">
            <a
              class="nav-link"
              data-toggle="collapse"
              data-target="#search-section"
              aria-expanded="true"
              ><span class="d-flex flex-column align-items-center d-lg-none"
                ><i class="icoaldi-search main-search"></i
                ><span class="search-nav-text mobile-menu-text">
                  SEARCH</span
                ></span
              ></a
            >
          </li>
        </ul>
        <section
          id="vueSignInLogOutInHeader"
          data-oc-controller="MyAccount.SignInHeader"
          xmlns:v-bind="v-bind"
          xmlns:v-on="v-on"
          xmlns=""
        >
          <ul class="navbar-nav nav-icon-lg align-items-center">
            <!---->
            <!---->
            <li class="nav-item d-none d-lg-block">
              <a href="/en-GB/FAQ" title="Help" class="nav-link"
                ><i class="icoaldi-help text-white h5 mx-auto"></i
                ><span
                  class="d-xs-none font-weight-normal menu-scroll sps ml-2 sps--blw"
                >
                  Help
                </span></a
              >
            </li>
            <li class="d-none d-lg-block">
              <span class="vertical-division"></span>
            </li>
            <li class="nav-item lg-search sps sps--blw">
              <a
                data-toggle="collapse"
                data-target="#search-section"
                aria-expanded="true"
                class="nav-link mt-md-2 mt-lg-0"
                ><span
                  class="d-flex flex-column align-items-center text-uppercase mobile-menu-text"
                  ><i class="icoaldi-search main-search h6 mb-0"></i
                  ><span
                    class="d-none d-md-block d-lg-none text-white mobile-menu-text mt-md-1"
                    >SEARCH</span
                  ></span
                ></a
              >
            </li>
            <li class="d-none d-lg-block">
              <span class="vertical-division"></span>
            </li>
            <li class="nav-item lg-search sps sps--blw">
              <a
                href="/en-GB/Cart"
                class="nav-link d-flex flex-column align-items-center text-uppercase mobile-menu-text mt-md-2 mt-lg-0"
                ><i class="icoaldi-cart-sm main-search h6 mb-0"></i
                ><span
                  class="d-none d-md-block d-lg-none text-white mobile-menu-text mt-md-1"
                  >CHECKOUT</span
                ></a
              >
            </li>
            <li class="d-none d-lg-block">
              <span class="vertical-division"></span>
            </li>
            <li class="nav-item nav-icon-lg">
              <a
                data-qa="login-in"
                href="/en-GB/Login"
                title="Sign in"
                class="nav-link"
                ><span class="d-none d-lg-inline"
                  ><i class="icoaldi-login text-white h5 mx-auto"></i
                  ><span
                    class="d-xs-none menu-scroll sps font-weight-normal ml-2 sps--blw"
                  >
                    Log In
                  </span></span
                ><span
                  class="d-flex flex-column align-items-center d-md-none text-uppercase mobile-menu-text"
                  ><i class="icoaldi-login text-white h5 m-0 mb-1 mt-2"></i> Log
                  In
                </span></a
              >
            </li>
          </ul>
        </section>
        <div class="d-none">
          <a
            class="nav-link"
            href="/en-GB/my-account/favourites"
            title="Favourites"
            data-qa="wishlist-header"
            data-oc-controller="MyAccount.WishListInHeader"
            xmlns=""
            ><span class="fa fa-heart fa-lg"></span>&nbsp;
            <span class="d-none d-xl-inline sps--blw-hidden"
              >Favourites&nbsp;</span
            ><strong
              data-templateid="WishListQuantity"
              data-qa="wishlist-count"
            ></strong
          ></a>
        </div>
        <ul class="navbar-nav nav-icon-sm">
          <li class="nav-item nav-icon-sm">
            <a
              href="/en-GB/Cart"
              data-qa="minicart-header"
              class="nav-link minicart-header nav-icon-lg"
              data-oc-controller="Cart.MiniCart"
              title="Basket"
            >
              <span>
                <span class="cart-total nav-icon-lg badge-pill"
                  ><span
                    class="navbar-count"
                    data-templateid="MinicartQuantity"
                    data-qa="minicart-count"
                  >
                    0
                  </span></span
                >
                <span>
                  <button class="btn cart-icon nav-icon-lg">
                    <strong
                      ><span
                        class="navbar-total-price"
                        data-templateid="MinicartTotal"
                      >
                        0.00
                      </span></strong
                    >
                  </button>
                </span>
                <span>
                  <button
                    class="btn btn-block text-uppercase cart-btn nav-icon-lg"
                    type="submit"
                  >
                    CHECKOUT
                    <!--img src="/UI.Package/Images/career.svg"/--><i
                      class="pl-2 fa fa-lg fa-angle-right"
                    ></i>
                  </button>
                </span>
              </span>
            </a>
            <a
              style="padding-top: 0; width: 45px; height: 40px"
              href="/en-GB/Cart"
              data-qa="minicart-header"
              class="nav-link minicart-header nav-icon-sm"
              data-oc-controller="Cart.MiniCart"
              title="Basket"
            >
              <span class="cart-sm pl-0">
                <span class="cart-total-sm badge-pill"
                  ><span
                    class="navbar-count"
                    data-templateid="MinicartQuantity"
                    data-qa="minicart-count"
                  >
                    0
                  </span></span
                >
                <button class="btn text-uppercase" type="submit">
                  <span class="checkout-btn-sm mobile-menu-text">
                    CHECKOUT</span
                  >
                </button>
              </span>
            </a>
            <div
              class="minicart-summary"
              data-notification-time="5000"
              data-oc-controller="Cart.MiniCartSummary"
            >
              <div data-templateid="MinicartSummary">
                <div class="modal-header py-2">
                  <div class="row">
                    <div class="col-auto">
                      <h6 class="modal-title font-weight-bold">
                        Recently added
                      </h6>
                      <small class="mr-1 text-gray-small"
                        >(Showing 0 items)</small
                      >
                    </div>
                  </div>
                  <div
                    class="icoaldi-close-circle btn-close"
                    data-oc-click="onCloseMiniCart"
                  >
                    <span class="sr-only">Close</span>
                  </div>
                </div>
                <div class="minicart-summary-products">
                  <span
                    class="loading-indicator fa fa-spin fa-fw fa-circle-o-notch d-none"
                  ></span>
                  <div class="minicart-empty well text-center">
                    <span><i>Your basket is empty</i></span>
                  </div>
                </div>
                <div class="minicart-summary-footer">
                  <div class="minicart-summary-controls">
                    <a
                      data-oc-click="onCheckout"
                      data-order-subtotal="Â£0.00"
                      href="/en-GB/checkout"
                      class="btn btn-primary btn-block"
                    >
                      Sign In
                    </a>
                    <button
                      class="btn btn-outline-secondary btn-block"
                      data-oc-click="onCloseMiniCart"
                    >
                      Start Shopping
                    </button>
                  </div>
                </div>
              </div>
            </div>
          </li>
        </ul>
      </div>
    </nav>
  </div>
  <div class="masthead-menu-padding position-relative bg-white">
    <div class="main-nav nav-tabs">
      <div class="container-md main-nav-extended">
        <nav class="navbar navbar-expand-lg megamenu p-0">
          <div id="main-nav-collapse" class="collapse navbar-collapse">
            <div
              id="dismiss"
              class="icoaldi-close-circle d-lg-none"
              data-toggle="collapse"
              data-target="#main-nav-collapse"
            >
              <span class="sr-only">Close</span>
            </div>
            <ul
              id="static-menubar"
              class="nav login-nav d-block d-lg-none bg-primary"
            >
              <li
                id="vueMyAccountInHeaderMobile"
                xmlns:v-bind="v-bind"
                xmlns:v-on="v-on"
                xmlns=""
                class="nav-item data-hj-suppress"
              >
                <a data-qa="login-in" href="/en-GB/Login" title="Sign in"
                  ><i class="icoaldi-login"></i>&nbsp; Log In
                </a>
              </li>
              <!---->
            </ul>
            <ul id="level1" class="nav navbar-nav w-100" role="menubar">
              <li class="nav-item dropdown mb-mainmenu">
                <a
                  id="IsNonMobile"
                  href="/en-GB/groceries?origin=dropdown&amp;c1=groceries&amp;clickedon=groceries"
                  data-qa="main-menu-category"
                  role="button"
                  class="dropdown-toggle nav-link d-none d-lg-block"
                  style=""
                  aria-haspopup="true"
                >
                  Groceries
                </a>
                <a
                  href="/en-GB/groceries?origin=dropdown&amp;c1=groceries&amp;clickedon=groceries"
                  data-qa="main-menu-category"
                  role="button"
                  data-toggle="dropdown"
                  class="dropdown-toggle nav-link d-block d-lg-none"
                  style=""
                  aria-haspopup="true"
                  aria-expanded="false"
                >
                  Groceries
                </a>
                <ul class="main-dropdown-menu dropdown-menu shadow mb-menu">
                  <li>
                    <!-- Content container to add padding -->
                    <div class="main-nav-content">
                      <div class="row no-gutters">
                        <div
                          class="col-submenu position-static border-right py-lg-4"
                        >
                          <ul
                            class="list-unstyled w-100 back-nav d-block d-lg-none"
                          >
                            <li class="mb-0">
                              <a
                                href="/en-GB/groceries?origin=dropdown&amp;c1=groceries&amp;clickedon=groceries"
                                class="float-left text-uppercase"
                                >Groceries</a
                              ><a
                                id="menu-back-cta"
                                class="float-right js-back-cta menu-back-cta"
                                ><i class="fa fa-angle-left mr-2"></i> Back</a
                              >
                            </li>
                          </ul>
                          <ul id="level2" class="list-unstyled w-100">
                            <li class="submenu mb-0 mb-submenu level2Menu">
                              <a
                                class="dropdown-item d-none d-lg-block"
                                href="/en-GB/best-of-british?origin=dropdown&amp;c1=groceries&amp;c2=best-of-british&amp;clickedon=best-of-british"
                                target="_self"
                                style=""
                                aria-haspopup="true"
                              >
                                Best of British </a
                              ><a
                                class="dropdown-item d-block d-lg-none"
                                href="/en-GB/best-of-british?origin=dropdown&amp;c1=groceries&amp;c2=best-of-british&amp;clickedon=best-of-british"
                                role="button"
                                target="_self"
                                style=""
                                aria-haspopup="true"
                              >
                                Best of British
                              </a>
                            </li>
                            <li
                              class="dropdown-submenu mb-0 mb-submenu level2Menu"
                            >
                              <a
                                class="dropdown-item d-none d-lg-block"
                                href="/en-GB/specially-selected?origin=dropdown&amp;c1=groceries&amp;c2=specially-selected&amp;clickedon=specially-selected"
                                target="_self"
                                style=""
                                aria-haspopup="true"
                              >
                                Specially Selected
                              </a>
                              <a
                                class="dropdown-item d-block d-lg-none"
                                href="/en-GB/specially-selected?origin=dropdown&amp;c1=groceries&amp;c2=specially-selected&amp;clickedon=specially-selected"
                                role="button"
                                target="_self"
                                style=""
                                aria-haspopup="true"
                              >
                                Specially Selected
                              </a>
                              <div
                                class="dropdown-menu mb-submenulist second-nested-list"
                              >
                                <div class="row no-gutters">
                                  <div class="col-submenu border-right py-lg-4">
                                    <ul id="level3" class="list-unstyled">
                                      <li
                                        class="submenu mb-0 mb-submenu level3Menu"
                                      >
                                        <a
                                          class="dropdown-item"
                                          href="/en-GB/specially-selected?origin=dropdown&amp;c1=groceries&amp;c2=specially-selected&amp;c3=shopall-specially-selected&amp;clickedon=shopall-specially-selected"
                                          >SHOP ALL SPECIALLY SELECTED</a
                                        >
                                      </li>
                                      <li
                                        class="submenu mb-0 mb-submenu level3Menu"
                                      >
                                        <a
                                          class="dropdown-item"
                                          href="/en-GB/specially-selected/specially-selected-bakery?origin=dropdown&amp;c1=groceries&amp;c2=specially-selected&amp;c3=specially-selected-bakery&amp;clickedon=specially-selected-bakery"
                                          >Specially Selected Bakery</a
                                        >
                                      </li>
                                      <li
                                        class="dropdown-submenu mb-0 mb-submenu level3Menu"
                                      >
                                        <a
                                          style=""
                                          aria-haspopup="true"
                                          class="dropdown-item d-none d-lg-block"
                                          href="/en-GB/specially-selected/specially-selected-fresh-food?origin=dropdown&amp;c1=groceries&amp;c2=specially-selected&amp;c3=specially-selected-fresh-food&amp;clickedon=specially-selected-fresh-food"
                                          >Specially Selected Fresh Food</a
                                        >
                                        <a
                                          role="button"
                                          style=""
                                          aria-haspopup="true"
                                          class="dropdown-item d-block d-lg-none"
                                          href="/en-GB/specially-selected/specially-selected-fresh-food?origin=dropdown&amp;c1=groceries&amp;c2=specially-selected&amp;c3=specially-selected-fresh-food&amp;clickedon=specially-selected-fresh-food"
                                          >Specially Selected Fresh Food</a
                                        >
                                        <div
                                          class="dropdown-menu mb-submenulist last-nested-list"
                                        >
                                          <div class="row no-gutters">
                                            <div
                                              class="col-innermost-menu py-lg-4"
                                            >
                                              <ul class="list-unstyled pb-lg-2">
                                                <li
                                                  class="mb-0 mb-submenu level4Menu"
                                                >
                                                  <a
                                                    class="dropdown-item"
                                                    href="/en-GB/specially-selected/specially-selected-fresh-food?origin=dropdown&amp;c1=groceries&amp;c2=specially-selected&amp;c3=specially-selected-fresh-food&amp;c4=shopall-specially-selected-fresh-food&amp;clickedon=shopall-specially-selected-fresh-food"
                                                    >SHOP ALL SPECIALLY SELECTED
                                                    FRESH FOOD</a
                                                  >
                                                </li>
                                                <li
                                                  class="mb-0 mb-submenu level4Menu"
                                                >
                                                  <a
                                                    class="dropdown-item"
                                                    href="/en-GB/specially-selected/specially-selected-fresh-food/specially-selected-fruit-veg?origin=dropdown&amp;c1=groceries&amp;c2=specially-selected&amp;c3=specially-selected-fresh-food&amp;c4=specially-selected-fruit-veg&amp;clickedon=specially-selected-fruit-veg"
                                                    >Specially Selected Fruit
                                                    &amp; Veg</a
                                                  >
                                                </li>
                                                <li
                                                  class="mb-0 mb-submenu level4Menu"
                                                >
                                                  <a
                                                    class="dropdown-item"
                                                    href="/en-GB/specially-selected/specially-selected-fresh-food/specially-selected-meat-poultry?origin=dropdown&amp;c1=groceries&amp;c2=specially-selected&amp;c3=specially-selected-fresh-food&amp;c4=specially-selected-meat-poultry&amp;clickedon=specially-selected-meat-poultry"
                                                    >Specially Selected Meat
                                                    &amp; Poultry</a
                                                  >
                                                </li>
                                                <li
                                                  class="mb-0 mb-submenu level4Menu"
                                                >
                                                  <a
                                                    class="dropdown-item"
                                                    href="/en-GB/specially-selected/specially-selected-fresh-food/specially-selected-fish-seafood?origin=dropdown&amp;c1=groceries&amp;c2=specially-selected&amp;c3=specially-selected-fresh-food&amp;c4=specially-selected-fish-seafood&amp;clickedon=specially-selected-fish-seafood"
                                                    >Specially Selected Fish
                                                    &amp; Seafood</a
                                                  >
                                                </li>
                                              </ul>
                                            </div>
                                          </div>
                                        </div>
                                      </li>
                                      <li
                                        class="submenu mb-0 mb-submenu level3Menu"
                                      >
                                        <a
                                          class="dropdown-item"
                                          href="/en-GB/specially-selected/specially-selected-food-cupboard?origin=dropdown&amp;c1=groceries&amp;c2=specially-selected&amp;c3=specially-selected-food-cupboard&amp;clickedon=specially-selected-food-cupboard"
                                          >Specially Selected Food Cupboard</a
                                        >
                                      </li>
                                      <li
                                        class="submenu mb-0 mb-submenu level3Menu"
                                      >
                                        <a
                                          class="dropdown-item"
                                          href="/en-GB/specially-selected/specially-selected-drinks?origin=dropdown&amp;c1=groceries&amp;c2=specially-selected&amp;c3=specially-selected-drinks&amp;clickedon=specially-selected-drinks"
                                          >Specially Selected Drinks</a
                                        >
                                      </li>
                                      <li
                                        class="submenu mb-0 mb-submenu level3Menu"
                                      >
                                        <a
                                          class="dropdown-item"
                                          href="/en-GB/specially-selected/specially-selected-chilled-food?origin=dropdown&amp;c1=groceries&amp;c2=specially-selected&amp;c3=specially-selected-chilled-food&amp;clickedon=specially-selected-chilled-food"
                                          >Specially Selected Chilled Food</a
                                        >
                                      </li>
                                      <li
                                        class="submenu mb-0 mb-submenu level3Menu"
                                      >
                                        <a
                                          class="dropdown-item"
                                          href="/en-GB/specially-selected/specially-selected-frozen-food?origin=dropdown&amp;c1=groceries&amp;c2=specially-selected&amp;c3=specially-selected-frozen-food&amp;clickedon=specially-selected-frozen-food"
                                          >Specially Selected Frozen Food</a
                                        >
                                      </li>
                                      <li
                                        class="submenu mb-0 mb-submenu level3Menu"
                                      >
                                        <a
                                          class="dropdown-item"
                                          href="/en-GB/specially-selected/specially-selected-gastropub?origin=dropdown&amp;c1=groceries&amp;c2=specially-selected&amp;c3=specially-selected-gastropub&amp;clickedon=specially-selected-gastropub"
                                          >Specially Selected Gastropub</a
                                        >
                                      </li>
                                    </ul>
                                  </div>
                                </div>
                              </div>
                            </li>
                            <li
                              class="dropdown-submenu mb-0 mb-submenu level2Menu"
                            >
                              <a
                                class="dropdown-item d-none d-lg-block"
                                href="/en-GB/vegan-range?origin=dropdown&amp;c1=groceries&amp;c2=vegan-plant-based&amp;clickedon=vegan-plant-based"
                                target="_self"
                                style=""
                                aria-haspopup="true"
                              >
                                Vegan &amp; Plant Based
                              </a>
                              <a
                                class="dropdown-item d-block d-lg-none"
                                href="/en-GB/vegan-range?origin=dropdown&amp;c1=groceries&amp;c2=vegan-plant-based&amp;clickedon=vegan-plant-based"
                                role="button"
                                target="_self"
                                style=""
                                aria-haspopup="true"
                              >
                                Vegan &amp; Plant Based
                              </a>
                              <div
                                class="dropdown-menu mb-submenulist second-nested-list"
                              >
                                <div class="row no-gutters">
                                  <div class="col-submenu border-right py-lg-4">
                                    <ul id="level3" class="list-unstyled">
                                      <li
                                        class="submenu mb-0 mb-submenu level3Menu"
                                      >
                                        <a
                                          class="dropdown-item"
                                          href="/en-GB/vegan-range?origin=dropdown&amp;c1=groceries&amp;c2=vegan-plant-based&amp;c3=shopall-vegan-plant-based&amp;clickedon=shopall-vegan-plant-based"
                                          >SHOP ALL VEGAN &amp; PLANT BASED</a
                                        >
                                      </li>
                                      <li
                                        class="dropdown-submenu mb-0 mb-submenu level3Menu"
                                      >
                                        <a
                                          style=""
                                          aria-haspopup="true"
                                          class="dropdown-item d-none d-lg-block"
                                          href="/en-GB/vegan-range/vegan-food?origin=dropdown&amp;c1=groceries&amp;c2=vegan-plant-based&amp;c3=vegan-food&amp;clickedon=vegan-food"
                                          >Vegan Food</a
                                        >
                                        <a
                                          role="button"
                                          style=""
                                          aria-haspopup="true"
                                          class="dropdown-item d-block d-lg-none"
                                          href="/en-GB/vegan-range/vegan-food?origin=dropdown&amp;c1=groceries&amp;c2=vegan-plant-based&amp;c3=vegan-food&amp;clickedon=vegan-food"
                                          >Vegan Food</a
                                        >
                                        <div
                                          class="dropdown-menu mb-submenulist last-nested-list"
                                        >
                                          <div class="row no-gutters">
                                            <div
                                              class="col-innermost-menu py-lg-4"
                                            >
                                              <ul class="list-unstyled pb-lg-2">
                                                <li
                                                  class="mb-0 mb-submenu level4Menu"
                                                >
                                                  <a
                                                    class="dropdown-item"
                                                    href="/en-GB/vegan-range/vegan-food?origin=dropdown&amp;c1=groceries&amp;c2=vegan-plant-based&amp;c3=vegan-food&amp;c4=shopall-vegan-food&amp;clickedon=shopall-vegan-food"
                                                    >SHOP ALL VEGAN FOOD</a
                                                  >
                                                </li>
                                                <li
                                                  class="mb-0 mb-submenu level4Menu"
                                                >
                                                  <a
                                                    class="dropdown-item"
                                                    href="/en-GB/vegan-range/vegan-food/vegan-meat-alternatives?origin=dropdown&amp;c1=groceries&amp;c2=vegan-plant-based&amp;c3=vegan-food&amp;c4=meat-alternatives&amp;clickedon=meat-alternatives"
                                                    >Meat Alternatives</a
                                                  >
                                                </li>
                                                <li
                                                  class="mb-0 mb-submenu level4Menu"
                                                >
                                                  <a
                                                    class="dropdown-item"
                                                    href="/en-GB/vegan-range/vegan-food/vegan-sides-snacks?origin=dropdown&amp;c1=groceries&amp;c2=vegan-plant-based&amp;c3=vegan-food&amp;c4=vegan-sides-snacks&amp;clickedon=vegan-sides-snacks"
                                                    >Vegan Sides &amp; Snacks</a
                                                  >
                                                </li>
                                              </ul>
                                            </div>
                                          </div>
                                        </div>
                                      </li>
                                      <li
                                        class="dropdown-submenu mb-0 mb-submenu level3Menu"
                                      >
                                        <a
                                          style=""
                                          aria-haspopup="true"
                                          class="dropdown-item d-none d-lg-block"
                                          href="/en-GB/vegan-range/vegan-drinks?origin=dropdown&amp;c1=groceries&amp;c2=vegan-plant-based&amp;c3=vegan-drinks&amp;clickedon=vegan-drinks"
                                          >Vegan Drinks</a
                                        >
                                        <a
                                          role="button"
                                          style=""
                                          aria-haspopup="true"
                                          class="dropdown-item d-block d-lg-none"
                                          href="/en-GB/vegan-range/vegan-drinks?origin=dropdown&amp;c1=groceries&amp;c2=vegan-plant-based&amp;c3=vegan-drinks&amp;clickedon=vegan-drinks"
                                          >Vegan Drinks</a
                                        >
                                        <div
                                          class="dropdown-menu mb-submenulist last-nested-list"
                                        >
                                          <div class="row no-gutters">
                                            <div
                                              class="col-innermost-menu py-lg-4"
                                            >
                                              <ul class="list-unstyled pb-lg-2">
                                                <li
                                                  class="mb-0 mb-submenu level4Menu"
                                                >
                                                  <a
                                                    class="dropdown-item"
                                                    href="/en-GB/vegan-range/vegan-drinks?origin=dropdown&amp;c1=groceries&amp;c2=vegan-plant-based&amp;c3=vegan-drinks&amp;c4=shopall-vegan-drinks&amp;clickedon=shopall-vegan-drinks"
                                                    >SHOP ALL VEGAN DRINKS</a
                                                  >
                                                </li>
                                                <li
                                                  class="mb-0 mb-submenu level4Menu"
                                                >
                                                  <a
                                                    class="dropdown-item"
                                                    href="/en-GB/vegan-range/vegan-drinks/plant-based?origin=dropdown&amp;c1=groceries&amp;c2=vegan-plant-based&amp;c3=vegan-drinks&amp;c4=plant-based-drinks&amp;clickedon=plant-based-drinks"
                                                    >Plant Based Drinks</a
                                                  >
                                                </li>
                                                <li
                                                  class="mb-0 mb-submenu level4Menu"
                                                >
                                                  <a
                                                    class="dropdown-item"
                                                    href="/en-GB/vegan-range/vegan-drinks/vegan-alcohol?origin=dropdown&amp;c1=groceries&amp;c2=vegan-plant-based&amp;c3=vegan-drinks&amp;c4=vegan-alcohol&amp;clickedon=vegan-alcohol"
                                                    >Vegan Alcohol</a
                                                  >
                                                </li>
                                              </ul>
                                            </div>
                                          </div>
                                        </div>
                                      </li>
                                    </ul>
                                  </div>
                                </div>
                              </div>
                            </li>
                            <li
                              class="dropdown-submenu mb-0 mb-submenu level2Menu"
                            >
                              <a
                                class="dropdown-item d-none d-lg-block"
                                href="/en-GB/bakery?origin=dropdown&amp;c1=groceries&amp;c2=bakery&amp;clickedon=bakery"
                                target="_self"
                                style=""
                                aria-haspopup="true"
                              >
                                Bakery
                              </a>
                              <a
                                class="dropdown-item d-block d-lg-none"
                                href="/en-GB/bakery?origin=dropdown&amp;c1=groceries&amp;c2=bakery&amp;clickedon=bakery"
                                role="button"
                                target="_self"
                                style=""
                                aria-haspopup="true"
                              >
                                Bakery
                              </a>
                              <div
                                class="dropdown-menu mb-submenulist second-nested-list"
                              >
                                <div class="row no-gutters">
                                  <div class="col-submenu border-right py-lg-4">
                                    <ul id="level3" class="list-unstyled">
                                      <li
                                        class="submenu mb-0 mb-submenu level3Menu"
                                      >
                                        <a
                                          class="dropdown-item"
                                          href="/en-GB/bakery?origin=dropdown&amp;c1=groceries&amp;c2=bakery&amp;c3=shopall-bakery&amp;clickedon=shopall-bakery"
                                          >SHOP ALL BAKERY</a
                                        >
                                      </li>
                                      <li
                                        class="dropdown-submenu mb-0 mb-submenu level3Menu"
                                      >
                                        <a
                                          style=""
                                          aria-haspopup="true"
                                          class="dropdown-item d-none d-lg-block"
                                          href="/en-GB/bakery/bread?origin=dropdown&amp;c1=groceries&amp;c2=bakery&amp;c3=bread&amp;clickedon=bread"
                                          >Bread</a
                                        >
                                        <a
                                          role="button"
                                          style=""
                                          aria-haspopup="true"
                                          class="dropdown-item d-block d-lg-none"
                                          href="/en-GB/bakery/bread?origin=dropdown&amp;c1=groceries&amp;c2=bakery&amp;c3=bread&amp;clickedon=bread"
                                          >Bread</a
                                        >
                                        <div
                                          class="dropdown-menu mb-submenulist last-nested-list"
                                        >
                                          <div class="row no-gutters">
                                            <div
                                              class="col-innermost-menu py-lg-4"
                                            >
                                              <ul class="list-unstyled pb-lg-2">
                                                <li
                                                  class="mb-0 mb-submenu level4Menu"
                                                >
                                                  <a
                                                    class="dropdown-item"
                                                    href="/en-GB/bakery/bread?origin=dropdown&amp;c1=groceries&amp;c2=bakery&amp;c3=bread&amp;c4=shopall-bread&amp;clickedon=shopall-bread"
                                                    >SHOP ALL BREAD</a
                                                  >
                                                </li>
                                                <li
                                                  class="mb-0 mb-submenu level4Menu"
                                                >
                                                  <a
                                                    class="dropdown-item"
                                                    href="/en-GB/bakery/bread/speciality-breads?origin=dropdown&amp;c1=groceries&amp;c2=bakery&amp;c3=bread&amp;c4=speciality-breads&amp;clickedon=speciality-breads"
                                                    >Speciality Breads</a
                                                  >
                                                </li>
                                                <li
                                                  class="mb-0 mb-submenu level4Menu"
                                                >
                                                  <a
                                                    class="dropdown-item"
                                                    href="/en-GB/bakery/bread/part-baked-breads?origin=dropdown&amp;c1=groceries&amp;c2=bakery&amp;c3=bread&amp;c4=part-baked-breads&amp;clickedon=part-baked-breads"
                                                    >Part Baked Breads</a
                                                  >
                                                </li>
                                                <li
                                                  class="mb-0 mb-submenu level4Menu"
                                                >
                                                  <a
                                                    class="dropdown-item"
                                                    href="/en-GB/bakery/bread/branded-bread?origin=dropdown&amp;c1=groceries&amp;c2=bakery&amp;c3=bread&amp;c4=branded-bread&amp;clickedon=branded-bread"
                                                    >Branded Bread</a
                                                  >
                                                </li>
                                                <li
                                                  class="mb-0 mb-submenu level4Menu"
                                                >
                                                  <a
                                                    class="dropdown-item"
                                                    href="/en-GB/bakery/bread/brown-wholemeal-bread?origin=dropdown&amp;c1=groceries&amp;c2=bakery&amp;c3=bread&amp;c4=brown-wholemeal-bread&amp;clickedon=brown-wholemeal-bread"
                                                    >Brown &amp; Wholemeal
                                                    Bread</a
                                                  >
                                                </li>
                                                <li
                                                  class="mb-0 mb-submenu level4Menu"
                                                >
                                                  <a
                                                    class="dropdown-item"
                                                    href="/en-GB/bakery/bread/seeded-bread?origin=dropdown&amp;c1=groceries&amp;c2=bakery&amp;c3=bread&amp;c4=seeded-bread&amp;clickedon=seeded-bread"
                                                    >Seeded Bread</a
                                                  >
                                                </li>
                                                <li
                                                  class="mb-0 mb-submenu level4Menu"
                                                >
                                                  <a
                                                    class="dropdown-item"
                                                    href="/en-GB/bakery/bread/white-bread?origin=dropdown&amp;c1=groceries&amp;c2=bakery&amp;c3=bread&amp;c4=white-bread&amp;clickedon=white-bread"
                                                    >White Bread</a
                                                  >
                                                </li>
                                                <li
                                                  class="mb-0 mb-submenu level4Menu"
                                                >
                                                  <a
                                                    class="dropdown-item"
                                                    href="/en-GB/bakery/bread/bagels?origin=dropdown&amp;c1=groceries&amp;c2=bakery&amp;c3=bread&amp;c4=bagels&amp;clickedon=bagels"
                                                    >Bagels</a
                                                  >
                                                </li>
                                              </ul>
                                            </div>
                                          </div>
                                        </div>
                                      </li>
                                      <li
                                        class="submenu mb-0 mb-submenu level3Menu"
                                      >
                                        <a
                                          class="dropdown-item"
                                          href="/en-GB/bakery/bread-rolls?origin=dropdown&amp;c1=groceries&amp;c2=bakery&amp;c3=bread-rolls&amp;clickedon=bread-rolls"
                                          >Bread Rolls</a
                                        >
                                      </li>
                                      <li
                                        class="dropdown-submenu mb-0 mb-submenu level3Menu"
                                      >
                                        <a
                                          style=""
                                          aria-haspopup="true"
                                          class="dropdown-item d-none d-lg-block"
                                          href="/en-GB/bakery/cakes?origin=dropdown&amp;c1=groceries&amp;c2=bakery&amp;c3=cakes&amp;clickedon=cakes"
                                          >Cakes</a
                                        >
                                        <a
                                          role="button"
                                          style=""
                                          aria-haspopup="true"
                                          class="dropdown-item d-block d-lg-none"
                                          href="/en-GB/bakery/cakes?origin=dropdown&amp;c1=groceries&amp;c2=bakery&amp;c3=cakes&amp;clickedon=cakes"
                                          >Cakes</a
                                        >
                                        <div
                                          class="dropdown-menu mb-submenulist last-nested-list"
                                        >
                                          <div class="row no-gutters">
                                            <div
                                              class="col-innermost-menu py-lg-4"
                                            >
                                              <ul class="list-unstyled pb-lg-2">
                                                <li
                                                  class="mb-0 mb-submenu level4Menu"
                                                >
                                                  <a
                                                    class="dropdown-item"
                                                    href="/en-GB/bakery/cakes?origin=dropdown&amp;c1=groceries&amp;c2=bakery&amp;c3=cakes&amp;c4=shopall-cakes&amp;clickedon=shopall-cakes"
                                                    >SHOP ALL CAKES</a
                                                  >
                                                </li>
                                                <li
                                                  class="mb-0 mb-submenu level4Menu"
                                                >
                                                  <a
                                                    class="dropdown-item"
                                                    href="/en-GB/bakery/breakfast-pastries/muffins?origin=dropdown&amp;c1=groceries&amp;c2=bakery&amp;c3=cakes&amp;c4=muffins&amp;clickedon=muffins"
                                                    >Muffins</a
                                                  >
                                                </li>
                                                <li
                                                  class="mb-0 mb-submenu level4Menu"
                                                >
                                                  <a
                                                    class="dropdown-item"
                                                    href="/en-GB/bakery/cakes/slices-cake-bars?origin=dropdown&amp;c1=groceries&amp;c2=bakery&amp;c3=cakes&amp;c4=slices-cake-bars&amp;clickedon=slices-cake-bars"
                                                    >Slices &amp; Cake Bars</a
                                                  >
                                                </li>
                                                <li
                                                  class="mb-0 mb-submenu level4Menu"
                                                >
                                                  <a
                                                    class="dropdown-item"
                                                    href="/en-GB/bakery/cakes/tarts-bakewells?origin=dropdown&amp;c1=groceries&amp;c2=bakery&amp;c3=cakes&amp;c4=tarts-bakewells&amp;clickedon=tarts-bakewells"
                                                    >Tarts &amp; Bakewells</a
                                                  >
                                                </li>
                                              </ul>
                                            </div>
                                          </div>
                                        </div>
                                      </li>
                                      <li
                                        class="dropdown-submenu mb-0 mb-submenu level3Menu"
                                      >
                                        <a
                                          style=""
                                          aria-haspopup="true"
                                          class="dropdown-item d-none d-lg-block"
                                          href="/en-GB/bakery/breakfast-pastries?origin=dropdown&amp;c1=groceries&amp;c2=bakery&amp;c3=breakfast-pastries&amp;clickedon=breakfast-pastries"
                                          >Breakfast Pastries</a
                                        >
                                        <a
                                          role="button"
                                          style=""
                                          aria-haspopup="true"
                                          class="dropdown-item d-block d-lg-none"
                                          href="/en-GB/bakery/breakfast-pastries?origin=dropdown&amp;c1=groceries&amp;c2=bakery&amp;c3=breakfast-pastries&amp;clickedon=breakfast-pastries"
                                          >Breakfast Pastries</a
                                        >
                                        <div
                                          class="dropdown-menu mb-submenulist last-nested-list"
                                        >
                                          <div class="row no-gutters">
                                            <div
                                              class="col-innermost-menu py-lg-4"
                                            >
                                              <ul class="list-unstyled pb-lg-2">
                                                <li
                                                  class="mb-0 mb-submenu level4Menu"
                                                >
                                                  <a
                                                    class="dropdown-item"
                                                    href="/en-GB/bakery/breakfast-pastries?origin=dropdown&amp;c1=groceries&amp;c2=bakery&amp;c3=breakfast-pastries&amp;c4=shopall-breakfast-pastries&amp;clickedon=shopall-breakfast-pastries"
                                                    >SHOP ALL BREAKFAST
                                                    PASTRIES</a
                                                  >
                                                </li>
                                                <li
                                                  class="mb-0 mb-submenu level4Menu"
                                                >
                                                  <a
                                                    class="dropdown-item"
                                                    href="/en-GB/bakery/breakfast-pastries/croissants?origin=dropdown&amp;c1=groceries&amp;c2=bakery&amp;c3=breakfast-pastries&amp;c4=croissants&amp;clickedon=croissants"
                                                    >Croissants</a
                                                  >
                                                </li>
                                                <li
                                                  class="mb-0 mb-submenu level4Menu"
                                                >
                                                  <a
                                                    class="dropdown-item"
                                                    href="/en-GB/bakery/breakfast-pastries/brioche?origin=dropdown&amp;c1=groceries&amp;c2=bakery&amp;c3=breakfast-pastries&amp;c4=brioche&amp;clickedon=brioche"
                                                    >Brioche</a
                                                  >
                                                </li>
                                                <li
                                                  class="mb-0 mb-submenu level4Menu"
                                                >
                                                  <a
                                                    class="dropdown-item"
                                                    href="/en-GB/bakery/breakfast-pastries/crumpets?origin=dropdown&amp;c1=groceries&amp;c2=bakery&amp;c3=breakfast-pastries&amp;c4=crumpets&amp;clickedon=crumpets"
                                                    >Crumpets</a
                                                  >
                                                </li>
                                                <li
                                                  class="mb-0 mb-submenu level4Menu"
                                                >
                                                  <a
                                                    class="dropdown-item"
                                                    href="/en-GB/bakery/breakfast-pastries/muffins?origin=dropdown&amp;c1=groceries&amp;c2=bakery&amp;c3=breakfast-pastries&amp;c4=muffins&amp;clickedon=muffins"
                                                    >Muffins</a
                                                  >
                                                </li>
                                                <li
                                                  class="mb-0 mb-submenu level4Menu"
                                                >
                                                  <a
                                                    class="dropdown-item"
                                                    href="/en-GB/bakery/breakfast-pastries/pancakes?origin=dropdown&amp;c1=groceries&amp;c2=bakery&amp;c3=breakfast-pastries&amp;c4=pancakes&amp;clickedon=pancakes"
                                                    >Pancakes</a
                                                  >
                                                </li>
                                                <li
                                                  class="mb-0 mb-submenu level4Menu"
                                                >
                                                  <a
                                                    class="dropdown-item"
                                                    href="/en-GB/bakery/breakfast-pastries/waffles?origin=dropdown&amp;c1=groceries&amp;c2=bakery&amp;c3=breakfast-pastries&amp;c4=waffles&amp;clickedon=waffles"
                                                    >Waffles</a
                                                  >
                                                </li>
                                              </ul>
                                            </div>
                                          </div>
                                        </div>
                                      </li>
                                      <li
                                        class="dropdown-submenu mb-0 mb-submenu level3Menu"
                                      >
                                        <a
                                          style=""
                                          aria-haspopup="true"
                                          class="dropdown-item d-none d-lg-block"
                                          href="/en-GB/bakery/scones-teacakes?origin=dropdown&amp;c1=groceries&amp;c2=bakery&amp;c3=scones-teacakes&amp;clickedon=scones-teacakes"
                                          >Scones &amp; Teacakes</a
                                        >
                                        <a
                                          role="button"
                                          style=""
                                          aria-haspopup="true"
                                          class="dropdown-item d-block d-lg-none"
                                          href="/en-GB/bakery/scones-teacakes?origin=dropdown&amp;c1=groceries&amp;c2=bakery&amp;c3=scones-teacakes&amp;clickedon=scones-teacakes"
                                          >Scones &amp; Teacakes</a
                                        >
                                        <div
                                          class="dropdown-menu mb-submenulist last-nested-list"
                                        >
                                          <div class="row no-gutters">
                                            <div
                                              class="col-innermost-menu py-lg-4"
                                            >
                                              <ul class="list-unstyled pb-lg-2">
                                                <li
                                                  class="mb-0 mb-submenu level4Menu"
                                                >
                                                  <a
                                                    class="dropdown-item"
                                                    href="/en-GB/bakery/scones-teacakes?origin=dropdown&amp;c1=groceries&amp;c2=bakery&amp;c3=scones-teacakes&amp;c4=shopall-scones-teacakes&amp;clickedon=shopall-scones-teacakes"
                                                    >SHOP ALL SCONES &amp;
                                                    TEACAKES</a
                                                  >
                                                </li>
                                                <li
                                                  class="mb-0 mb-submenu level4Menu"
                                                >
                                                  <a
                                                    class="dropdown-item"
                                                    href="/en-GB/bakery/scones-teacakes/scones?origin=dropdown&amp;c1=groceries&amp;c2=bakery&amp;c3=scones-teacakes&amp;c4=scones&amp;clickedon=scones"
                                                    >Scones</a
                                                  >
                                                </li>
                                                <li
                                                  class="mb-0 mb-submenu level4Menu"
                                                >
                                                  <a
                                                    class="dropdown-item"
                                                    href="/en-GB/bakery/scones-teacakes/hot-cross-buns?origin=dropdown&amp;c1=groceries&amp;c2=bakery&amp;c3=scones-teacakes&amp;c4=hot-cross-buns&amp;clickedon=hot-cross-buns"
                                                    >Hot Cross Buns</a
                                                  >
                                                </li>
                                                <li
                                                  class="mb-0 mb-submenu level4Menu"
                                                >
                                                  <a
                                                    class="dropdown-item"
                                                    href="/en-GB/bakery/scones-teacakes/fruit-loaf?origin=dropdown&amp;c1=groceries&amp;c2=bakery&amp;c3=scones-teacakes&amp;c4=fruit-loaf&amp;clickedon=fruit-loaf"
                                                    >Fruit Loaf</a
                                                  >
                                                </li>
                                              </ul>
                                            </div>
                                          </div>
                                        </div>
                                      </li>
                                      <li
                                        class="dropdown-submenu mb-0 mb-submenu level3Menu"
                                      >
                                        <a
                                          style=""
                                          aria-haspopup="true"
                                          class="dropdown-item d-none d-lg-block"
                                          href="/en-GB/bakery/sweet-treats?origin=dropdown&amp;c1=groceries&amp;c2=bakery&amp;c3=sweet-treats&amp;clickedon=sweet-treats"
                                          >Sweet Treats</a
                                        >
                                        <a
                                          role="button"
                                          style=""
                                          aria-haspopup="true"
                                          class="dropdown-item d-block d-lg-none"
                                          href="/en-GB/bakery/sweet-treats?origin=dropdown&amp;c1=groceries&amp;c2=bakery&amp;c3=sweet-treats&amp;clickedon=sweet-treats"
                                          >Sweet Treats</a
                                        >
                                        <div
                                          class="dropdown-menu mb-submenulist last-nested-list"
                                        >
                                          <div class="row no-gutters">
                                            <div
                                              class="col-innermost-menu py-lg-4"
                                            >
                                              <ul class="list-unstyled pb-lg-2">
                                                <li
                                                  class="mb-0 mb-submenu level4Menu"
                                                >
                                                  <a
                                                    class="dropdown-item"
                                                    href="/en-GB/bakery/sweet-treats?origin=dropdown&amp;c1=groceries&amp;c2=bakery&amp;c3=sweet-treats&amp;c4=shopall-sweet-treats&amp;clickedon=shopall-sweet-treats"
                                                    >SHOP ALL SWEET TREATS</a
                                                  >
                                                </li>
                                                <li
                                                  class="mb-0 mb-submenu level4Menu"
                                                >
                                                  <a
                                                    class="dropdown-item"
                                                    href="/en-GB/bakery/sweet-treats/mini-bites?origin=dropdown&amp;c1=groceries&amp;c2=bakery&amp;c3=sweet-treats&amp;c4=mini-bites&amp;clickedon=mini-bites"
                                                    >Mini Bites</a
                                                  >
                                                </li>
                                                <li
                                                  class="mb-0 mb-submenu level4Menu"
                                                >
                                                  <a
                                                    class="dropdown-item"
                                                    href="/en-GB/bakery/sweet-treats/cookies?origin=dropdown&amp;c1=groceries&amp;c2=bakery&amp;c3=sweet-treats&amp;c4=cookies&amp;clickedon=cookies"
                                                    >Cookies</a
                                                  >
                                                </li>
                                                <li
                                                  class="mb-0 mb-submenu level4Menu"
                                                >
                                                  <a
                                                    class="dropdown-item"
                                                    href="/en-GB/bakery/sweet-treats/doughnuts?origin=dropdown&amp;c1=groceries&amp;c2=bakery&amp;c3=sweet-treats&amp;c4=doughnuts&amp;clickedon=doughnuts"
                                                    >Doughnuts</a
                                                  >
                                                </li>
                                              </ul>
                                            </div>
                                          </div>
                                        </div>
                                      </li>
                                      <li
                                        class="dropdown-submenu mb-0 mb-submenu level3Menu"
                                      >
                                        <a
                                          style=""
                                          aria-haspopup="true"
                                          class="dropdown-item d-none d-lg-block"
                                          href="/en-GB/bakery/wraps-naans-pittas-thins?origin=dropdown&amp;c1=groceries&amp;c2=bakery&amp;c3=wraps-naans-pittas-thins&amp;clickedon=wraps-naans-pittas-thins"
                                          >Wraps, Naans, Pittas &amp; Thins</a
                                        >
                                        <a
                                          role="button"
                                          style=""
                                          aria-haspopup="true"
                                          class="dropdown-item d-block d-lg-none"
                                          href="/en-GB/bakery/wraps-naans-pittas-thins?origin=dropdown&amp;c1=groceries&amp;c2=bakery&amp;c3=wraps-naans-pittas-thins&amp;clickedon=wraps-naans-pittas-thins"
                                          >Wraps, Naans, Pittas &amp; Thins</a
                                        >
                                        <div
                                          class="dropdown-menu mb-submenulist last-nested-list"
                                        >
                                          <div class="row no-gutters">
                                            <div
                                              class="col-innermost-menu py-lg-4"
                                            >
                                              <ul class="list-unstyled pb-lg-2">
                                                <li
                                                  class="mb-0 mb-submenu level4Menu"
                                                >
                                                  <a
                                                    class="dropdown-item"
                                                    href="/en-GB/bakery/wraps-naans-pittas-thins?origin=dropdown&amp;c1=groceries&amp;c2=bakery&amp;c3=wraps-naans-pittas-thins&amp;c4=shopall-wraps-naans-pittas-thins&amp;clickedon=shopall-wraps-naans-pittas-thins"
                                                    >SHOP ALL WRAPS, NAANS,
                                                    PITTAS &amp; THINS</a
                                                  >
                                                </li>
                                                <li
                                                  class="mb-0 mb-submenu level4Menu"
                                                >
                                                  <a
                                                    class="dropdown-item"
                                                    href="/en-GB/bakery/wraps-naans-pittas-thins/wraps?origin=dropdown&amp;c1=groceries&amp;c2=bakery&amp;c3=wraps-naans-pittas-thins&amp;c4=wraps&amp;clickedon=wraps"
                                                    >Wraps</a
                                                  >
                                                </li>
                                                <li
                                                  class="mb-0 mb-submenu level4Menu"
                                                >
                                                  <a
                                                    class="dropdown-item"
                                                    href="/en-GB/bakery/wraps-naans-pittas-thins/naans?origin=dropdown&amp;c1=groceries&amp;c2=bakery&amp;c3=wraps-naans-pittas-thins&amp;c4=naans&amp;clickedon=naans"
                                                    >Naans</a
                                                  >
                                                </li>
                                                <li
                                                  class="mb-0 mb-submenu level4Menu"
                                                >
                                                  <a
                                                    class="dropdown-item"
                                                    href="/en-GB/bakery/wraps-naans-pittas-thins/pittas?origin=dropdown&amp;c1=groceries&amp;c2=bakery&amp;c3=wraps-naans-pittas-thins&amp;c4=pittas&amp;clickedon=pittas"
                                                    >Pittas</a
                                                  >
                                                </li>
                                                <li
                                                  class="mb-0 mb-submenu level4Menu"
                                                >
                                                  <a
                                                    class="dropdown-item"
                                                    href="/en-GB/bakery/wraps-naans-pittas-thins/thins?origin=dropdown&amp;c1=groceries&amp;c2=bakery&amp;c3=wraps-naans-pittas-thins&amp;c4=thins&amp;clickedon=thins"
                                                    >Thins</a
                                                  >
                                                </li>
                                              </ul>
                                            </div>
                                          </div>
                                        </div>
                                      </li>
                                      <li
                                        class="submenu mb-0 mb-submenu level3Menu"
                                      >
                                        <a
                                          class="dropdown-item"
                                          href="/en-GB/specially-selected/specially-selected-bakery?origin=dropdown&amp;c1=groceries&amp;c2=bakery&amp;c3=specially-selected-bakery&amp;clickedon=specially-selected-bakery"
                                          >Specially Selected Bakery</a
                                        >
                                      </li>
                                    </ul>
                                  </div>
                                </div>
                              </div>
                            </li>
                            <li
                              class="dropdown-submenu mb-0 mb-submenu level2Menu"
                            >
                              <a
                                class="dropdown-item d-none d-lg-block"
                                href="/en-GB/fresh-food?origin=dropdown&amp;c1=groceries&amp;c2=fresh-food&amp;clickedon=fresh-food"
                                target="_self"
                                style=""
                                aria-haspopup="true"
                              >
                                Fresh Food
                              </a>
                              <a
                                class="dropdown-item d-block d-lg-none"
                                href="/en-GB/fresh-food?origin=dropdown&amp;c1=groceries&amp;c2=fresh-food&amp;clickedon=fresh-food"
                                role="button"
                                target="_self"
                                style=""
                                aria-haspopup="true"
                              >
                                Fresh Food
                              </a>
                              <div
                                class="dropdown-menu mb-submenulist second-nested-list"
                              >
                                <div class="row no-gutters">
                                  <div class="col-submenu border-right py-lg-4">
                                    <ul id="level3" class="list-unstyled">
                                      <li
                                        class="submenu mb-0 mb-submenu level3Menu"
                                      >
                                        <a
                                          class="dropdown-item"
                                          href="/en-GB/fresh-food?origin=dropdown&amp;c1=groceries&amp;c2=fresh-food&amp;c3=shopall-fresh-food&amp;clickedon=shopall-fresh-food"
                                          >SHOP ALL FRESH FOOD</a
                                        >
                                      </li>
                                      <li
                                        class="dropdown-submenu mb-0 mb-submenu level3Menu"
                                      >
                                        <a
                                          style=""
                                          aria-haspopup="true"
                                          class="dropdown-item d-none d-lg-block"
                                          href="/en-GB/fresh-food/fruit-vegetables?origin=dropdown&amp;c1=groceries&amp;c2=fresh-food&amp;c3=fruit-vegetables&amp;clickedon=fruit-vegetables"
                                          >Fruit &amp; Vegetables</a
                                        >
                                        <a
                                          role="button"
                                          style=""
                                          aria-haspopup="true"
                                          class="dropdown-item d-block d-lg-none"
                                          href="/en-GB/fresh-food/fruit-vegetables?origin=dropdown&amp;c1=groceries&amp;c2=fresh-food&amp;c3=fruit-vegetables&amp;clickedon=fruit-vegetables"
                                          >Fruit &amp; Vegetables</a
                                        >
                                        <div
                                          class="dropdown-menu mb-submenulist last-nested-list"
                                        >
                                          <div class="row no-gutters">
                                            <div
                                              class="col-innermost-menu py-lg-4"
                                            >
                                              <ul class="list-unstyled pb-lg-2">
                                                <li
                                                  class="mb-0 mb-submenu level4Menu"
                                                >
                                                  <a
                                                    class="dropdown-item"
                                                    href="/en-GB/fresh-food/fruit-vegetables?origin=dropdown&amp;c1=groceries&amp;c2=fresh-food&amp;c3=fruit-vegetables&amp;c4=shopall-fruit-vegetables&amp;clickedon=shopall-fruit-vegetables"
                                                    >SHOP ALL FRUIT &amp;
                                                    VEGETABLES</a
                                                  >
                                                </li>
                                                <li
                                                  class="mb-0 mb-submenu level4Menu"
                                                >
                                                  <a
                                                    class="dropdown-item"
                                                    href="/en-GB/fresh-food/fruit-vegetables/berries?origin=dropdown&amp;c1=groceries&amp;c2=fresh-food&amp;c3=fruit-vegetables&amp;c4=berries&amp;clickedon=berries"
                                                    >Berries</a
                                                  >
                                                </li>
                                                <li
                                                  class="mb-0 mb-submenu level4Menu"
                                                >
                                                  <a
                                                    class="dropdown-item"
                                                    href="/en-GB/fresh-food/fruit-vegetables/apples?origin=dropdown&amp;c1=groceries&amp;c2=fresh-food&amp;c3=fruit-vegetables&amp;c4=apples&amp;clickedon=apples"
                                                    >Apples</a
                                                  >
                                                </li>
                                                <li
                                                  class="mb-0 mb-submenu level4Menu"
                                                >
                                                  <a
                                                    class="dropdown-item"
                                                    href="/en-GB/fresh-food/fruit-vegetables/citrus?origin=dropdown&amp;c1=groceries&amp;c2=fresh-food&amp;c3=fruit-vegetables&amp;c4=citrus&amp;clickedon=citrus"
                                                    >Citrus</a
                                                  >
                                                </li>
                                                <li
                                                  class="mb-0 mb-submenu level4Menu"
                                                >
                                                  <a
                                                    class="dropdown-item"
                                                    href="/en-GB/fresh-food/fruit-vegetables/stone-fruits?origin=dropdown&amp;c1=groceries&amp;c2=fresh-food&amp;c3=fruit-vegetables&amp;c4=stone-fruits&amp;clickedon=stone-fruits"
                                                    >Stone Fruits</a
                                                  >
                                                </li>
                                                <li
                                                  class="mb-0 mb-submenu level4Menu"
                                                >
                                                  <a
                                                    class="dropdown-item"
                                                    href="/en-GB/fresh-food/fruit-vegetables/exotic-fruits?origin=dropdown&amp;c1=groceries&amp;c2=fresh-food&amp;c3=fruit-vegetables&amp;c4=exotic-fruits&amp;clickedon=exotic-fruits"
                                                    >Exotic Fruits</a
                                                  >
                                                </li>
                                                <li
                                                  class="mb-0 mb-submenu level4Menu"
                                                >
                                                  <a
                                                    class="dropdown-item"
                                                    href="/en-GB/fresh-food/fruit-vegetables/grapes?origin=dropdown&amp;c1=groceries&amp;c2=fresh-food&amp;c3=fruit-vegetables&amp;c4=grapes&amp;clickedon=grapes"
                                                    >Grapes</a
                                                  >
                                                </li>
                                                <li
                                                  class="mb-0 mb-submenu level4Menu"
                                                >
                                                  <a
                                                    class="dropdown-item"
                                                    href="/en-GB/fresh-food/fruit-vegetables/pears?origin=dropdown&amp;c1=groceries&amp;c2=fresh-food&amp;c3=fruit-vegetables&amp;c4=pears&amp;clickedon=pears"
                                                    >Pears</a
                                                  >
                                                </li>
                                                <li
                                                  class="mb-0 mb-submenu level4Menu"
                                                >
                                                  <a
                                                    class="dropdown-item"
                                                    href="/en-GB/fresh-food/fruit-vegetables/fruits-bags-snacks?origin=dropdown&amp;c1=groceries&amp;c2=fresh-food&amp;c3=fruit-vegetables&amp;c4=fruits-bags-snacks&amp;clickedon=fruits-bags-snacks"
                                                    >Fruits Bags &amp; Snacks</a
                                                  >
                                                </li>
                                                <li
                                                  class="mb-0 mb-submenu level4Menu"
                                                >
                                                  <a
                                                    class="dropdown-item"
                                                    href="/en-GB/fresh-food/fruit-vegetables/melons?origin=dropdown&amp;c1=groceries&amp;c2=fresh-food&amp;c3=fruit-vegetables&amp;c4=melons&amp;clickedon=melons"
                                                    >Melons</a
                                                  >
                                                </li>
                                                <li
                                                  class="mb-0 mb-submenu level4Menu"
                                                >
                                                  <a
                                                    class="dropdown-item"
                                                    href="/en-GB/fresh-food/fruit-vegetables/bananas?origin=dropdown&amp;c1=groceries&amp;c2=fresh-food&amp;c3=fruit-vegetables&amp;c4=bananas&amp;clickedon=bananas"
                                                    >Bananas</a
                                                  >
                                                </li>
                                                <li
                                                  class="mb-0 mb-submenu level4Menu"
                                                >
                                                  <a
                                                    class="dropdown-item"
                                                    href="/en-GB/fresh-food/fruit-vegetables/avocados?origin=dropdown&amp;c1=groceries&amp;c2=fresh-food&amp;c3=fruit-vegetables&amp;c4=avocados&amp;clickedon=avocados"
                                                    >Avocados</a
                                                  >
                                                </li>
                                                <li
                                                  class="mb-0 mb-submenu level4Menu"
                                                >
                                                  <a
                                                    class="dropdown-item"
                                                    href="/en-GB/fresh-food/fruit-vegetables/convenience-fruits?origin=dropdown&amp;c1=groceries&amp;c2=fresh-food&amp;c3=fruit-vegetables&amp;c4=convenience-fruits&amp;clickedon=convenience-fruits"
                                                    >Convenience Fruits</a
                                                  >
                                                </li>
                                                <li
                                                  class="mb-0 mb-submenu level4Menu"
                                                >
                                                  <a
                                                    class="dropdown-item"
                                                    href="/en-GB/fresh-food/fruit-vegetables/mangos?origin=dropdown&amp;c1=groceries&amp;c2=fresh-food&amp;c3=fruit-vegetables&amp;c4=mangos&amp;clickedon=mangos"
                                                    >Mangos</a
                                                  >
                                                </li>
                                                <li
                                                  class="mb-0 mb-submenu level4Menu"
                                                >
                                                  <a
                                                    class="dropdown-item"
                                                    href="/en-GB/fresh-food/fruit-vegetables/prepared-vegetables?origin=dropdown&amp;c1=groceries&amp;c2=fresh-food&amp;c3=fruit-vegetables&amp;c4=prepared-vegetables&amp;clickedon=prepared-vegetables"
                                                    >Prepared Vegetables</a
                                                  >
                                                </li>
                                                <li
                                                  class="mb-0 mb-submenu level4Menu"
                                                >
                                                  <a
                                                    class="dropdown-item"
                                                    href="/en-GB/fresh-food/fruit-vegetables/potatoes?origin=dropdown&amp;c1=groceries&amp;c2=fresh-food&amp;c3=fruit-vegetables&amp;c4=potatoes&amp;clickedon=potatoes"
                                                    >Potatoes</a
                                                  >
                                                </li>
                                                <li
                                                  class="mb-0 mb-submenu level4Menu"
                                                >
                                                  <a
                                                    class="dropdown-item"
                                                    href="/en-GB/fresh-food/fruit-vegetables/fresh-herbs?origin=dropdown&amp;c1=groceries&amp;c2=fresh-food&amp;c3=fruit-vegetables&amp;c4=fresh-herbs&amp;clickedon=fresh-herbs"
                                                    >Fresh Herbs</a
                                                  >
                                                </li>
                                                <li
                                                  class="mb-0 mb-submenu level4Menu"
                                                >
                                                  <a
                                                    class="dropdown-item"
                                                    href="/en-GB/fresh-food/fruit-vegetables/cauliflower-broccoli?origin=dropdown&amp;c1=groceries&amp;c2=fresh-food&amp;c3=fruit-vegetables&amp;c4=cauliflower-broccoli&amp;clickedon=cauliflower-broccoli"
                                                    >Cauliflower &amp;
                                                    Broccoli</a
                                                  >
                                                </li>
                                                <li
                                                  class="mb-0 mb-submenu level4Menu"
                                                >
                                                  <a
                                                    class="dropdown-item"
                                                    href="/en-GB/fresh-food/fruit-vegetables/snacks-prepared-vegetables?origin=dropdown&amp;c1=groceries&amp;c2=fresh-food&amp;c3=fruit-vegetables&amp;c4=snacks-prepared-vegetables&amp;clickedon=snacks-prepared-vegetables"
                                                    >Snacks &amp; Prepared
                                                    Vegetables</a
                                                  >
                                                </li>
                                                <li
                                                  class="mb-0 mb-submenu level4Menu"
                                                >
                                                  <a
                                                    class="dropdown-item"
                                                    href="/en-GB/fresh-food/fruit-vegetables/root-bulb-vegetables?origin=dropdown&amp;c1=groceries&amp;c2=fresh-food&amp;c3=fruit-vegetables&amp;c4=root-bulb-vegetables&amp;clickedon=root-bulb-vegetables"
                                                    >Root &amp; Bulb
                                                    Vegetables</a
                                                  >
                                                </li>
                                                <li
                                                  class="mb-0 mb-submenu level4Menu"
                                                >
                                                  <a
                                                    class="dropdown-item"
                                                    href="/en-GB/fresh-food/fruit-vegetables/tomatoes?origin=dropdown&amp;c1=groceries&amp;c2=fresh-food&amp;c3=fruit-vegetables&amp;c4=tomatoes&amp;clickedon=tomatoes"
                                                    >Tomatoes</a
                                                  >
                                                </li>
                                                <li
                                                  class="mb-0 mb-submenu level4Menu"
                                                >
                                                  <a
                                                    class="dropdown-item"
                                                    href="/en-GB/fresh-food/fruit-vegetables/salad-bags?origin=dropdown&amp;c1=groceries&amp;c2=fresh-food&amp;c3=fruit-vegetables&amp;c4=salad-bags&amp;clickedon=salad-bags"
                                                    >Salad Bags</a
                                                  >
                                                </li>
                                                <li
                                                  class="mb-0 mb-submenu level4Menu"
                                                >
                                                  <a
                                                    class="dropdown-item"
                                                    href="/en-GB/fresh-food/fruit-vegetables/onions-leeks?origin=dropdown&amp;c1=groceries&amp;c2=fresh-food&amp;c3=fruit-vegetables&amp;c4=onions-leeks&amp;clickedon=onions-leeks"
                                                    >Onions &amp; Leeks</a
                                                  >
                                                </li>
                                                <li
                                                  class="mb-0 mb-submenu level4Menu"
                                                >
                                                  <a
                                                    class="dropdown-item"
                                                    href="/en-GB/fresh-food/fruit-vegetables/legumes?origin=dropdown&amp;c1=groceries&amp;c2=fresh-food&amp;c3=fruit-vegetables&amp;c4=legumes&amp;clickedon=legumes"
                                                    >Legumes</a
                                                  >
                                                </li>
                                                <li
                                                  class="mb-0 mb-submenu level4Menu"
                                                >
                                                  <a
                                                    class="dropdown-item"
                                                    href="/en-GB/fresh-food/fruit-vegetables/mushrooms?origin=dropdown&amp;c1=groceries&amp;c2=fresh-food&amp;c3=fruit-vegetables&amp;c4=mushrooms&amp;clickedon=mushrooms"
                                                    >Mushrooms</a
                                                  >
                                                </li>
                                                <li
                                                  class="mb-0 mb-submenu level4Menu"
                                                >
                                                  <a
                                                    class="dropdown-item"
                                                    href="/en-GB/fresh-food/fruit-vegetables/lettuces?origin=dropdown&amp;c1=groceries&amp;c2=fresh-food&amp;c3=fruit-vegetables&amp;c4=lettuces&amp;clickedon=lettuces"
                                                    >Lettuces</a
                                                  >
                                                </li>
                                                <li
                                                  class="mb-0 mb-submenu level4Menu"
                                                >
                                                  <a
                                                    class="dropdown-item"
                                                    href="/en-GB/fresh-food/fruit-vegetables/peppers?origin=dropdown&amp;c1=groceries&amp;c2=fresh-food&amp;c3=fruit-vegetables&amp;c4=peppers&amp;clickedon=peppers"
                                                    >Peppers</a
                                                  >
                                                </li>
                                                <li
                                                  class="mb-0 mb-submenu level4Menu"
                                                >
                                                  <a
                                                    class="dropdown-item"
                                                    href="/en-GB/fresh-food/fruit-vegetables/squash?origin=dropdown&amp;c1=groceries&amp;c2=fresh-food&amp;c3=fruit-vegetables&amp;c4=squash&amp;clickedon=squash"
                                                    >Squash</a
                                                  >
                                                </li>
                                                <li
                                                  class="mb-0 mb-submenu level4Menu"
                                                >
                                                  <a
                                                    class="dropdown-item"
                                                    href="/en-GB/fresh-food/fruit-vegetables/asparagus?origin=dropdown&amp;c1=groceries&amp;c2=fresh-food&amp;c3=fruit-vegetables&amp;c4=asparagus&amp;clickedon=asparagus"
                                                    >Asparagus</a
                                                  >
                                                </li>
                                                <li
                                                  class="mb-0 mb-submenu level4Menu"
                                                >
                                                  <a
                                                    class="dropdown-item"
                                                    href="/en-GB/fresh-food/fruit-vegetables/courgettes?origin=dropdown&amp;c1=groceries&amp;c2=fresh-food&amp;c3=fruit-vegetables&amp;c4=courgettes&amp;clickedon=courgettes"
                                                    >Courgettes</a
                                                  >
                                                </li>
                                                <li
                                                  class="mb-0 mb-submenu level4Menu"
                                                >
                                                  <a
                                                    class="dropdown-item"
                                                    href="/en-GB/fresh-food/fruit-vegetables/hard-vegetables?origin=dropdown&amp;c1=groceries&amp;c2=fresh-food&amp;c3=fruit-vegetables&amp;c4=cucumbers&amp;clickedon=cucumbers"
                                                    >Cucumbers</a
                                                  >
                                                </li>
                                                <li
                                                  class="mb-0 mb-submenu level4Menu"
                                                >
                                                  <a
                                                    class="dropdown-item"
                                                    href="/en-GB/specially-selected/specially-selected-fresh-food/specially-selected-fruit-veg?origin=dropdown&amp;c1=groceries&amp;c2=fresh-food&amp;c3=fruit-vegetables&amp;c4=specially-selected-fruit-veg&amp;clickedon=specially-selected-fruit-veg"
                                                    >Specially Selected Fruit
                                                    &amp; Veg</a
                                                  >
                                                </li>
                                              </ul>
                                            </div>
                                          </div>
                                        </div>
                                      </li>
                                      <li
                                        class="dropdown-submenu mb-0 mb-submenu level3Menu"
                                      >
                                        <a
                                          style=""
                                          aria-haspopup="true"
                                          class="dropdown-item d-none d-lg-block"
                                          href="/en-GB/fresh-food/fresh-fish?origin=dropdown&amp;c1=groceries&amp;c2=fresh-food&amp;c3=fresh-fish&amp;clickedon=fresh-fish"
                                          >Fresh Fish</a
                                        >
                                        <a
                                          role="button"
                                          style=""
                                          aria-haspopup="true"
                                          class="dropdown-item d-block d-lg-none"
                                          href="/en-GB/fresh-food/fresh-fish?origin=dropdown&amp;c1=groceries&amp;c2=fresh-food&amp;c3=fresh-fish&amp;clickedon=fresh-fish"
                                          >Fresh Fish</a
                                        >
                                        <div
                                          class="dropdown-menu mb-submenulist last-nested-list"
                                        >
                                          <div class="row no-gutters">
                                            <div
                                              class="col-innermost-menu py-lg-4"
                                            >
                                              <ul class="list-unstyled pb-lg-2">
                                                <li
                                                  class="mb-0 mb-submenu level4Menu"
                                                >
                                                  <a
                                                    class="dropdown-item"
                                                    href="/en-GB/fresh-food/fresh-fish?origin=dropdown&amp;c1=groceries&amp;c2=fresh-food&amp;c3=fresh-fish&amp;c4=shopall-fresh-fish&amp;clickedon=shopall-fresh-fish"
                                                    >SHOP ALL FRESH FISH</a
                                                  >
                                                </li>
                                                <li
                                                  class="mb-0 mb-submenu level4Menu"
                                                >
                                                  <a
                                                    class="dropdown-item"
                                                    href="/en-GB/fresh-food/fresh-fish/fish?origin=dropdown&amp;c1=groceries&amp;c2=fresh-food&amp;c3=fresh-fish&amp;c4=fish&amp;clickedon=fish"
                                                    >Fish</a
                                                  >
                                                </li>
                                                <li
                                                  class="mb-0 mb-submenu level4Menu"
                                                >
                                                  <a
                                                    class="dropdown-item"
                                                    href="/en-GB/fresh-food/fresh-fish/seafood?origin=dropdown&amp;c1=groceries&amp;c2=fresh-food&amp;c3=fresh-fish&amp;c4=seafood&amp;clickedon=seafood"
                                                    >Seafood</a
                                                  >
                                                </li>
                                                <li
                                                  class="mb-0 mb-submenu level4Menu"
                                                >
                                                  <a
                                                    class="dropdown-item"
                                                    href="/en-GB/specially-selected/specially-selected-fresh-food/specially-selected-fish-seafood?origin=dropdown&amp;c1=groceries&amp;c2=fresh-food&amp;c3=fresh-fish&amp;c4=specially-selected-fish-seafood&amp;clickedon=specially-selected-fish-seafood"
                                                    >Specially Selected Fish
                                                    &amp; Seafood</a
                                                  >
                                                </li>
                                              </ul>
                                            </div>
                                          </div>
                                        </div>
                                      </li>
                                      <li
                                        class="dropdown-submenu mb-0 mb-submenu level3Menu"
                                      >
                                        <a
                                          style=""
                                          aria-haspopup="true"
                                          class="dropdown-item d-none d-lg-block"
                                          href="/en-GB/fresh-food/meat-poultry?origin=dropdown&amp;c1=groceries&amp;c2=fresh-food&amp;c3=meat-poultry&amp;clickedon=meat-poultry"
                                          >Meat &amp; Poultry</a
                                        >
                                        <a
                                          role="button"
                                          style=""
                                          aria-haspopup="true"
                                          class="dropdown-item d-block d-lg-none"
                                          href="/en-GB/fresh-food/meat-poultry?origin=dropdown&amp;c1=groceries&amp;c2=fresh-food&amp;c3=meat-poultry&amp;clickedon=meat-poultry"
                                          >Meat &amp; Poultry</a
                                        >
                                        <div
                                          class="dropdown-menu mb-submenulist last-nested-list"
                                        >
                                          <div class="row no-gutters">
                                            <div
                                              class="col-innermost-menu py-lg-4"
                                            >
                                              <ul class="list-unstyled pb-lg-2">
                                                <li
                                                  class="mb-0 mb-submenu level4Menu"
                                                >
                                                  <a
                                                    class="dropdown-item"
                                                    href="/en-GB/fresh-food/meat-poultry?origin=dropdown&amp;c1=groceries&amp;c2=fresh-food&amp;c3=meat-poultry&amp;c4=shopall-meat-poultry&amp;clickedon=shopall-meat-poultry"
                                                    >SHOP ALL MEAT &amp;
                                                    POULTRY</a
                                                  >
                                                </li>
                                                <li
                                                  class="mb-0 mb-submenu level4Menu"
                                                >
                                                  <a
                                                    class="dropdown-item"
                                                    href="/en-GB/fresh-food/meat-poultry/beef?origin=dropdown&amp;c1=groceries&amp;c2=fresh-food&amp;c3=meat-poultry&amp;c4=beef&amp;clickedon=beef"
                                                    >Beef</a
                                                  >
                                                </li>
                                                <li
                                                  class="mb-0 mb-submenu level4Menu"
                                                >
                                                  <a
                                                    class="dropdown-item"
                                                    href="/en-GB/fresh-food/meat-poultry/chicken?origin=dropdown&amp;c1=groceries&amp;c2=fresh-food&amp;c3=meat-poultry&amp;c4=chicken&amp;clickedon=chicken"
                                                    >Chicken</a
                                                  >
                                                </li>
                                                <li
                                                  class="mb-0 mb-submenu level4Menu"
                                                >
                                                  <a
                                                    class="dropdown-item"
                                                    href="/en-GB/fresh-food/meat-poultry/sausages?origin=dropdown&amp;c1=groceries&amp;c2=fresh-food&amp;c3=meat-poultry&amp;c4=sausages&amp;clickedon=sausages"
                                                    >Sausages</a
                                                  >
                                                </li>
                                                <li
                                                  class="mb-0 mb-submenu level4Menu"
                                                >
                                                  <a
                                                    class="dropdown-item"
                                                    href="/en-GB/fresh-food/meat-poultry/bacon?origin=dropdown&amp;c1=groceries&amp;c2=fresh-food&amp;c3=meat-poultry&amp;c4=bacon&amp;clickedon=bacon"
                                                    >Bacon</a
                                                  >
                                                </li>
                                                <li
                                                  class="mb-0 mb-submenu level4Menu"
                                                >
                                                  <a
                                                    class="dropdown-item"
                                                    href="/en-GB/fresh-food/meat-poultry/lamb?origin=dropdown&amp;c1=groceries&amp;c2=fresh-food&amp;c3=meat-poultry&amp;c4=lamb&amp;clickedon=lamb"
                                                    >Lamb</a
                                                  >
                                                </li>
                                                <li
                                                  class="mb-0 mb-submenu level4Menu"
                                                >
                                                  <a
                                                    class="dropdown-item"
                                                    href="/en-GB/fresh-food/meat-poultry/pork?origin=dropdown&amp;c1=groceries&amp;c2=fresh-food&amp;c3=meat-poultry&amp;c4=pork&amp;clickedon=pork"
                                                    >Pork</a
                                                  >
                                                </li>
                                                <li
                                                  class="mb-0 mb-submenu level4Menu"
                                                >
                                                  <a
                                                    class="dropdown-item"
                                                    href="/en-GB/fresh-food/meat-poultry/gammon?origin=dropdown&amp;c1=groceries&amp;c2=fresh-food&amp;c3=meat-poultry&amp;c4=gammon&amp;clickedon=gammon"
                                                    >Gammon</a
                                                  >
                                                </li>
                                                <li
                                                  class="mb-0 mb-submenu level4Menu"
                                                >
                                                  <a
                                                    class="dropdown-item"
                                                    href="/en-GB/fresh-food/meat-poultry/turkey?origin=dropdown&amp;c1=groceries&amp;c2=fresh-food&amp;c3=meat-poultry&amp;c4=turkey&amp;clickedon=turkey"
                                                    >Turkey</a
                                                  >
                                                </li>
                                                <li
                                                  class="mb-0 mb-submenu level4Menu"
                                                >
                                                  <a
                                                    class="dropdown-item"
                                                    href="/en-GB/fresh-food/meat-poultry/fresh-meat-goods-specialities?origin=dropdown&amp;c1=groceries&amp;c2=fresh-food&amp;c3=meat-poultry&amp;c4=black-pudding-haggis-stuffing&amp;clickedon=black-pudding-haggis-stuffing"
                                                    >Black Pudding, Haggis &amp;
                                                    Stuffing</a
                                                  >
                                                </li>
                                                <li
                                                  class="mb-0 mb-submenu level4Menu"
                                                >
                                                  <a
                                                    class="dropdown-item"
                                                    href="/en-GB/fresh-food/meat-poultry/duck?origin=dropdown&amp;c1=groceries&amp;c2=fresh-food&amp;c3=meat-poultry&amp;c4=duck&amp;clickedon=duck"
                                                    >Duck</a
                                                  >
                                                </li>
                                                <li
                                                  class="mb-0 mb-submenu level4Menu"
                                                >
                                                  <a
                                                    class="dropdown-item"
                                                    href="/en-GB/specially-selected/specially-selected-fresh-food/specially-selected-meat-poultry?origin=dropdown&amp;c1=groceries&amp;c2=fresh-food&amp;c3=meat-poultry&amp;c4=specially-selected-meat-poultry&amp;clickedon=specially-selected-meat-poultry"
                                                    >Specially Selected Meat
                                                    &amp; Poultry</a
                                                  >
                                                </li>
                                              </ul>
                                            </div>
                                          </div>
                                        </div>
                                      </li>
                                      <li
                                        class="submenu mb-0 mb-submenu level3Menu"
                                      >
                                        <a
                                          class="dropdown-item"
                                          href="/en-GB/fresh-food/stir-fry-vegetables-sauce-noodles?origin=dropdown&amp;c1=groceries&amp;c2=fresh-food&amp;c3=stir-fry-sauce-noodles&amp;clickedon=stir-fry-sauce-noodles"
                                          >Stir Fry, Sauce &amp; Noodles</a
                                        >
                                      </li>
                                      <li
                                        class="submenu mb-0 mb-submenu level3Menu"
                                      >
                                        <a
                                          class="dropdown-item"
                                          href="/en-GB/specially-selected/specially-selected-fresh-food?origin=dropdown&amp;c1=groceries&amp;c2=fresh-food&amp;c3=specially-selected-fresh-food&amp;clickedon=specially-selected-fresh-food"
                                          >Specially Selected Fresh Food</a
                                        >
                                      </li>
                                    </ul>
                                  </div>
                                </div>
                              </div>
                            </li>
                            <li
                              class="dropdown-submenu mb-0 mb-submenu level2Menu"
                            >
                              <a
                                class="dropdown-item d-none d-lg-block"
                                href="/en-GB/drinks?origin=dropdown&amp;c1=groceries&amp;c2=drinks&amp;clickedon=drinks"
                                target="_self"
                                style=""
                                aria-haspopup="true"
                              >
                                Drinks
                              </a>
                              <a
                                class="dropdown-item d-block d-lg-none"
                                href="/en-GB/drinks?origin=dropdown&amp;c1=groceries&amp;c2=drinks&amp;clickedon=drinks"
                                role="button"
                                target="_self"
                                style=""
                                aria-haspopup="true"
                              >
                                Drinks
                              </a>
                              <div
                                class="dropdown-menu mb-submenulist second-nested-list"
                              >
                                <div class="row no-gutters">
                                  <div class="col-submenu border-right py-lg-4">
                                    <ul id="level3" class="list-unstyled">
                                      <li
                                        class="submenu mb-0 mb-submenu level3Menu"
                                      >
                                        <a
                                          class="dropdown-item"
                                          href="/en-GB/drinks?origin=dropdown&amp;c1=groceries&amp;c2=drinks&amp;c3=shopall-drinks&amp;clickedon=shopall-drinks"
                                          >SHOP ALL DRINKS</a
                                        >
                                      </li>
                                      <li
                                        class="dropdown-submenu mb-0 mb-submenu level3Menu"
                                      >
                                        <a
                                          style=""
                                          aria-haspopup="true"
                                          class="dropdown-item d-none d-lg-block"
                                          href="/en-GB/drinks/soft-drinks-juices?origin=dropdown&amp;c1=groceries&amp;c2=drinks&amp;c3=soft-drinks-juices&amp;clickedon=soft-drinks-juices"
                                          >Soft Drinks &amp; Juices</a
                                        >
                                        <a
                                          role="button"
                                          style=""
                                          aria-haspopup="true"
                                          class="dropdown-item d-block d-lg-none"
                                          href="/en-GB/drinks/soft-drinks-juices?origin=dropdown&amp;c1=groceries&amp;c2=drinks&amp;c3=soft-drinks-juices&amp;clickedon=soft-drinks-juices"
                                          >Soft Drinks &amp; Juices</a
                                        >
                                        <div
                                          class="dropdown-menu mb-submenulist last-nested-list"
                                        >
                                          <div class="row no-gutters">
                                            <div
                                              class="col-innermost-menu py-lg-4"
                                            >
                                              <ul class="list-unstyled pb-lg-2">
                                                <li
                                                  class="mb-0 mb-submenu level4Menu"
                                                >
                                                  <a
                                                    class="dropdown-item"
                                                    href="/en-GB/drinks/soft-drinks-juices?origin=dropdown&amp;c1=groceries&amp;c2=drinks&amp;c3=soft-drinks-juices&amp;c4=shopall-soft-drinks-juices&amp;clickedon=shopall-soft-drinks-juices"
                                                    >SHOP ALL SOFT DRINKS &amp;
                                                    JUICES</a
                                                  >
                                                </li>
                                                <li
                                                  class="mb-0 mb-submenu level4Menu"
                                                >
                                                  <a
                                                    class="dropdown-item"
                                                    href="/en-GB/drinks/soft-drinks-juices/juices?origin=dropdown&amp;c1=groceries&amp;c2=drinks&amp;c3=soft-drinks-juices&amp;c4=juices&amp;clickedon=juices"
                                                    >Juices</a
                                                  >
                                                </li>
                                                <li
                                                  class="mb-0 mb-submenu level4Menu"
                                                >
                                                  <a
                                                    class="dropdown-item"
                                                    href="/en-GB/drinks/soft-drinks-juices/soft-fizzy-drinks?origin=dropdown&amp;c1=groceries&amp;c2=drinks&amp;c3=soft-drinks-juices&amp;c4=soft-fizzy-drinks&amp;clickedon=soft-fizzy-drinks"
                                                    >Soft &amp; Fizzy Drinks</a
                                                  >
                                                </li>
                                                <li
                                                  class="mb-0 mb-submenu level4Menu"
                                                >
                                                  <a
                                                    class="dropdown-item"
                                                    href="/en-GB/drinks/soft-drinks-juices/juices-childrens-drinks?origin=dropdown&amp;c1=groceries&amp;c2=drinks&amp;c3=soft-drinks-juices&amp;c4=childrens-drinks-juices&amp;clickedon=childrens-drinks-juices"
                                                    >Children's Drinks &amp;
                                                    Juices</a
                                                  >
                                                </li>
                                                <li
                                                  class="mb-0 mb-submenu level4Menu"
                                                >
                                                  <a
                                                    class="dropdown-item"
                                                    href="/en-GB/drinks/soft-drinks-juices/squash-cordial?origin=dropdown&amp;c1=groceries&amp;c2=drinks&amp;c3=soft-drinks-juices&amp;c4=squash-cordial&amp;clickedon=squash-cordial"
                                                    >Squash &amp; Cordial</a
                                                  >
                                                </li>
                                                <li
                                                  class="mb-0 mb-submenu level4Menu"
                                                >
                                                  <a
                                                    class="dropdown-item"
                                                    href="/en-GB/drinks/soft-drinks-juices/sports-energy-drinks?origin=dropdown&amp;c1=groceries&amp;c2=drinks&amp;c3=soft-drinks-juices&amp;c4=sports-energy-drinks&amp;clickedon=sports-energy-drinks"
                                                    >Sports &amp; Energy
                                                    Drinks</a
                                                  >
                                                </li>
                                                <li
                                                  class="mb-0 mb-submenu level4Menu"
                                                >
                                                  <a
                                                    class="dropdown-item"
                                                    href="/en-GB/drinks/water/still-water?origin=dropdown&amp;c1=groceries&amp;c2=drinks&amp;c3=soft-drinks-juices&amp;c4=still-water&amp;clickedon=still-water"
                                                    >Still Water</a
                                                  >
                                                </li>
                                                <li
                                                  class="mb-0 mb-submenu level4Menu"
                                                >
                                                  <a
                                                    class="dropdown-item"
                                                    href="/en-GB/drinks/water/sparkling-water?origin=dropdown&amp;c1=groceries&amp;c2=drinks&amp;c3=soft-drinks-juices&amp;c4=sparkling-water&amp;clickedon=sparkling-water"
                                                    >Sparkling Water</a
                                                  >
                                                </li>
                                                <li
                                                  class="mb-0 mb-submenu level4Menu"
                                                >
                                                  <a
                                                    class="dropdown-item"
                                                    href="/en-GB/drinks/soft-drinks-juices/flavoured-water?origin=dropdown&amp;c1=groceries&amp;c2=drinks&amp;c3=soft-drinks-juices&amp;c4=flavoured-water&amp;clickedon=flavoured-water"
                                                    >Flavoured Water</a
                                                  >
                                                </li>
                                              </ul>
                                            </div>
                                          </div>
                                        </div>
                                      </li>
                                      <li
                                        class="dropdown-submenu mb-0 mb-submenu level3Menu"
                                      >
                                        <a
                                          style=""
                                          aria-haspopup="true"
                                          class="dropdown-item d-none d-lg-block"
                                          href="/en-GB/drinks/water?origin=dropdown&amp;c1=groceries&amp;c2=drinks&amp;c3=water&amp;clickedon=water"
                                          >Water</a
                                        >
                                        <a
                                          role="button"
                                          style=""
                                          aria-haspopup="true"
                                          class="dropdown-item d-block d-lg-none"
                                          href="/en-GB/drinks/water?origin=dropdown&amp;c1=groceries&amp;c2=drinks&amp;c3=water&amp;clickedon=water"
                                          >Water</a
                                        >
                                        <div
                                          class="dropdown-menu mb-submenulist last-nested-list"
                                        >
                                          <div class="row no-gutters">
                                            <div
                                              class="col-innermost-menu py-lg-4"
                                            >
                                              <ul class="list-unstyled pb-lg-2">
                                                <li
                                                  class="mb-0 mb-submenu level4Menu"
                                                >
                                                  <a
                                                    class="dropdown-item"
                                                    href="/en-GB/drinks/water?origin=dropdown&amp;c1=groceries&amp;c2=drinks&amp;c3=water&amp;c4=shopall-water&amp;clickedon=shopall-water"
                                                    >SHOP ALL WATER</a
                                                  >
                                                </li>
                                                <li
                                                  class="mb-0 mb-submenu level4Menu"
                                                >
                                                  <a
                                                    class="dropdown-item"
                                                    href="/en-GB/drinks/water/still-water?origin=dropdown&amp;c1=groceries&amp;c2=drinks&amp;c3=water&amp;c4=still-water&amp;clickedon=still-water"
                                                    >Still Water</a
                                                  >
                                                </li>
                                                <li
                                                  class="mb-0 mb-submenu level4Menu"
                                                >
                                                  <a
                                                    class="dropdown-item"
                                                    href="/en-GB/drinks/water/sparkling-water?origin=dropdown&amp;c1=groceries&amp;c2=drinks&amp;c3=water&amp;c4=sparkling-water&amp;clickedon=sparkling-water"
                                                    >Sparkling water</a
                                                  >
                                                </li>
                                                <li
                                                  class="mb-0 mb-submenu level4Menu"
                                                >
                                                  <a
                                                    class="dropdown-item"
                                                    href="/en-GB/drinks/water/flavoured-water?origin=dropdown&amp;c1=groceries&amp;c2=drinks&amp;c3=water&amp;c4=flavoured-water&amp;clickedon=flavoured-water"
                                                    >Flavoured Water</a
                                                  >
                                                </li>
                                              </ul>
                                            </div>
                                          </div>
                                        </div>
                                      </li>
                                      <li
                                        class="submenu mb-0 mb-submenu level3Menu"
                                      >
                                        <a
                                          class="dropdown-item"
                                          href="/en-GB/drinks/tonic-mixers?origin=dropdown&amp;c1=groceries&amp;c2=drinks&amp;c3=tonics-mixers&amp;clickedon=tonics-mixers"
                                          >Tonics &amp; Mixers</a
                                        >
                                      </li>
                                      <li
                                        class="dropdown-submenu mb-0 mb-submenu level3Menu"
                                      >
                                        <a
                                          style=""
                                          aria-haspopup="true"
                                          class="dropdown-item d-none d-lg-block"
                                          href="/en-GB/drinks/coffee?origin=dropdown&amp;c1=groceries&amp;c2=drinks&amp;c3=coffee&amp;clickedon=coffee"
                                          >Coffee</a
                                        >
                                        <a
                                          role="button"
                                          style=""
                                          aria-haspopup="true"
                                          class="dropdown-item d-block d-lg-none"
                                          href="/en-GB/drinks/coffee?origin=dropdown&amp;c1=groceries&amp;c2=drinks&amp;c3=coffee&amp;clickedon=coffee"
                                          >Coffee</a
                                        >
                                        <div
                                          class="dropdown-menu mb-submenulist last-nested-list"
                                        >
                                          <div class="row no-gutters">
                                            <div
                                              class="col-innermost-menu py-lg-4"
                                            >
                                              <ul class="list-unstyled pb-lg-2">
                                                <li
                                                  class="mb-0 mb-submenu level4Menu"
                                                >
                                                  <a
                                                    class="dropdown-item"
                                                    href="/en-GB/drinks/coffee?origin=dropdown&amp;c1=groceries&amp;c2=drinks&amp;c3=coffee&amp;c4=shopall-coffee&amp;clickedon=shopall-coffee"
                                                    >SHOP ALL COFFEE</a
                                                  >
                                                </li>
                                                <li
                                                  class="mb-0 mb-submenu level4Menu"
                                                >
                                                  <a
                                                    class="dropdown-item"
                                                    href="/en-GB/drinks/coffee/coffee-chocolate-powder-mixes?origin=dropdown&amp;c1=groceries&amp;c2=drinks&amp;c3=coffee&amp;c4=coffee-chocolate-powder-mixes&amp;clickedon=coffee-chocolate-powder-mixes"
                                                    >Coffee &amp; Chocolate
                                                    Powder Mixes</a
                                                  >
                                                </li>
                                                <li
                                                  class="mb-0 mb-submenu level4Menu"
                                                >
                                                  <a
                                                    class="dropdown-item"
                                                    href="/en-GB/drinks/coffee/coffee-beans?origin=dropdown&amp;c1=groceries&amp;c2=drinks&amp;c3=coffee&amp;c4=coffee-beans&amp;clickedon=coffee-beans"
                                                    >Coffee Beans</a
                                                  >
                                                </li>
                                                <li
                                                  class="mb-0 mb-submenu level4Menu"
                                                >
                                                  <a
                                                    class="dropdown-item"
                                                    href="/en-GB/drinks/coffee/ground-coffee?origin=dropdown&amp;c1=groceries&amp;c2=drinks&amp;c3=coffee&amp;c4=ground-coffee&amp;clickedon=ground-coffee"
                                                    >Ground Coffee</a
                                                  >
                                                </li>
                                                <li
                                                  class="mb-0 mb-submenu level4Menu"
                                                >
                                                  <a
                                                    class="dropdown-item"
                                                    href="/en-GB/drinks/coffee/instant-coffee?origin=dropdown&amp;c1=groceries&amp;c2=drinks&amp;c3=coffee&amp;c4=instant-coffee&amp;clickedon=instant-coffee"
                                                    >Instant Coffee</a
                                                  >
                                                </li>
                                                <li
                                                  class="mb-0 mb-submenu level4Menu"
                                                >
                                                  <a
                                                    class="dropdown-item"
                                                    href="/en-GB/drinks/coffee/coffee-pods?origin=dropdown&amp;c1=groceries&amp;c2=drinks&amp;c3=coffee&amp;c4=coffee-pods&amp;clickedon=coffee-pods"
                                                    >Coffee Pods</a
                                                  >
                                                </li>
                                                <li
                                                  class="mb-0 mb-submenu level4Menu"
                                                >
                                                  <a
                                                    class="dropdown-item"
                                                    href="/en-GB/drinks/coffee/iced-coffee-coffee-to-go?origin=dropdown&amp;c1=groceries&amp;c2=drinks&amp;c3=coffee&amp;c4=iced-coffee-coffee-to-go&amp;clickedon=iced-coffee-coffee-to-go"
                                                    >Iced Coffee &amp; Coffee to
                                                    go</a
                                                  >
                                                </li>
                                              </ul>
                                            </div>
                                          </div>
                                        </div>
                                      </li>
                                      <li
                                        class="dropdown-submenu mb-0 mb-submenu level3Menu"
                                      >
                                        <a
                                          style=""
                                          aria-haspopup="true"
                                          class="dropdown-item d-none d-lg-block"
                                          href="/en-GB/drinks/tea?origin=dropdown&amp;c1=groceries&amp;c2=drinks&amp;c3=tea&amp;clickedon=tea"
                                          >Tea</a
                                        >
                                        <a
                                          role="button"
                                          style=""
                                          aria-haspopup="true"
                                          class="dropdown-item d-block d-lg-none"
                                          href="/en-GB/drinks/tea?origin=dropdown&amp;c1=groceries&amp;c2=drinks&amp;c3=tea&amp;clickedon=tea"
                                          >Tea</a
                                        >
                                        <div
                                          class="dropdown-menu mb-submenulist last-nested-list"
                                        >
                                          <div class="row no-gutters">
                                            <div
                                              class="col-innermost-menu py-lg-4"
                                            >
                                              <ul class="list-unstyled pb-lg-2">
                                                <li
                                                  class="mb-0 mb-submenu level4Menu"
                                                >
                                                  <a
                                                    class="dropdown-item"
                                                    href="/en-GB/drinks/tea?origin=dropdown&amp;c1=groceries&amp;c2=drinks&amp;c3=tea&amp;c4=shopall-tea&amp;clickedon=shopall-tea"
                                                    >SHOP ALL TEA</a
                                                  >
                                                </li>
                                                <li
                                                  class="mb-0 mb-submenu level4Menu"
                                                >
                                                  <a
                                                    class="dropdown-item"
                                                    href="/en-GB/drinks/tea/everyday-tea?origin=dropdown&amp;c1=groceries&amp;c2=drinks&amp;c3=tea&amp;c4=everyday-tea&amp;clickedon=everyday-tea"
                                                    >Everyday Tea</a
                                                  >
                                                </li>
                                                <li
                                                  class="mb-0 mb-submenu level4Menu"
                                                >
                                                  <a
                                                    class="dropdown-item"
                                                    href="/en-GB/drinks/tea/fruit-herbal-tea?origin=dropdown&amp;c1=groceries&amp;c2=drinks&amp;c3=tea&amp;c4=fruit-herbal-tea&amp;clickedon=fruit-herbal-tea"
                                                    >Fruit &amp; Herbal Tea</a
                                                  >
                                                </li>
                                                <li
                                                  class="mb-0 mb-submenu level4Menu"
                                                >
                                                  <a
                                                    class="dropdown-item"
                                                    href="/en-GB/drinks/tea/green-tea?origin=dropdown&amp;c1=groceries&amp;c2=drinks&amp;c3=tea&amp;c4=green-tea&amp;clickedon=green-tea"
                                                    >Green Tea</a
                                                  >
                                                </li>
                                                <li
                                                  class="mb-0 mb-submenu level4Menu"
                                                >
                                                  <a
                                                    class="dropdown-item"
                                                    href="/en-GB/drinks/tea/decaf-tea?origin=dropdown&amp;c1=groceries&amp;c2=drinks&amp;c3=tea&amp;c4=decaf-tea&amp;clickedon=decaf-tea"
                                                    >Decaf Tea</a
                                                  >
                                                </li>
                                              </ul>
                                            </div>
                                          </div>
                                        </div>
                                      </li>
                                      <li
                                        class="dropdown-submenu mb-0 mb-submenu level3Menu"
                                      >
                                        <a
                                          style=""
                                          aria-haspopup="true"
                                          class="dropdown-item d-none d-lg-block"
                                          href="/en-GB/drinks/beers-ciders?origin=dropdown&amp;c1=groceries&amp;c2=drinks&amp;c3=beers-ciders&amp;clickedon=beers-ciders"
                                          >Beers &amp; Ciders</a
                                        >
                                        <a
                                          role="button"
                                          style=""
                                          aria-haspopup="true"
                                          class="dropdown-item d-block d-lg-none"
                                          href="/en-GB/drinks/beers-ciders?origin=dropdown&amp;c1=groceries&amp;c2=drinks&amp;c3=beers-ciders&amp;clickedon=beers-ciders"
                                          >Beers &amp; Ciders</a
                                        >
                                        <div
                                          class="dropdown-menu mb-submenulist last-nested-list"
                                        >
                                          <div class="row no-gutters">
                                            <div
                                              class="col-innermost-menu py-lg-4"
                                            >
                                              <ul class="list-unstyled pb-lg-2">
                                                <li
                                                  class="mb-0 mb-submenu level4Menu"
                                                >
                                                  <a
                                                    class="dropdown-item"
                                                    href="/en-GB/drinks/beers-ciders?origin=dropdown&amp;c1=groceries&amp;c2=drinks&amp;c3=beers-ciders&amp;c4=shopall-beers-ciders&amp;clickedon=shopall-beers-ciders"
                                                    >SHOP ALL BEERS &amp;
                                                    CIDERS</a
                                                  >
                                                </li>
                                                <li
                                                  class="mb-0 mb-submenu level4Menu"
                                                >
                                                  <a
                                                    class="dropdown-item"
                                                    href="/en-GB/drinks/beers-ciders/lager?origin=dropdown&amp;c1=groceries&amp;c2=drinks&amp;c3=beers-ciders&amp;c4=lager&amp;clickedon=lager"
                                                    >Lager</a
                                                  >
                                                </li>
                                                <li
                                                  class="mb-0 mb-submenu level4Menu"
                                                >
                                                  <a
                                                    class="dropdown-item"
                                                    href="/en-GB/drinks/beers-ciders/ale-bitter?origin=dropdown&amp;c1=groceries&amp;c2=drinks&amp;c3=beers-ciders&amp;c4=ale-bitter&amp;clickedon=ale-bitter"
                                                    >Ale &amp; Bitter</a
                                                  >
                                                </li>
                                                <li
                                                  class="mb-0 mb-submenu level4Menu"
                                                >
                                                  <a
                                                    class="dropdown-item"
                                                    href="/en-GB/drinks/beers-ciders/ipa?origin=dropdown&amp;c1=groceries&amp;c2=drinks&amp;c3=beers-ciders&amp;c4=ipa&amp;clickedon=ipa"
                                                    >IPA</a
                                                  >
                                                </li>
                                                <li
                                                  class="mb-0 mb-submenu level4Menu"
                                                >
                                                  <a
                                                    class="dropdown-item"
                                                    href="/en-GB/drinks/beers-ciders/craft-beer?origin=dropdown&amp;c1=groceries&amp;c2=drinks&amp;c3=beers-ciders&amp;c4=craft-beer&amp;clickedon=craft-beer"
                                                    >Craft Beer</a
                                                  >
                                                </li>
                                                <li
                                                  class="mb-0 mb-submenu level4Menu"
                                                >
                                                  <a
                                                    class="dropdown-item"
                                                    href="/en-GB/drinks/beers-ciders/cider?origin=dropdown&amp;c1=groceries&amp;c2=drinks&amp;c3=beers-ciders&amp;c4=cider&amp;clickedon=cider"
                                                    >Cider</a
                                                  >
                                                </li>
                                                <li
                                                  class="mb-0 mb-submenu level4Menu"
                                                >
                                                  <a
                                                    class="dropdown-item"
                                                    href="/en-GB/drinks/beers-ciders/low-no-alcohol-beer?origin=dropdown&amp;c1=groceries&amp;c2=drinks&amp;c3=beers-ciders&amp;c4=low-no-alcohol-beer&amp;clickedon=low-no-alcohol-beer"
                                                    >Low &amp; No Alcohol
                                                    Beer</a
                                                  >
                                                </li>
                                              </ul>
                                            </div>
                                          </div>
                                        </div>
                                      </li>
                                      <li
                                        class="dropdown-submenu mb-0 mb-submenu level3Menu"
                                      >
                                        <a
                                          style=""
                                          aria-haspopup="true"
                                          class="dropdown-item d-none d-lg-block"
                                          href="/en-GB/drinks/wine?origin=dropdown&amp;c1=groceries&amp;c2=drinks&amp;c3=wine&amp;clickedon=wine"
                                          >Wine</a
                                        >
                                        <a
                                          role="button"
                                          style=""
                                          aria-haspopup="true"
                                          class="dropdown-item d-block d-lg-none"
                                          href="/en-GB/drinks/wine?origin=dropdown&amp;c1=groceries&amp;c2=drinks&amp;c3=wine&amp;clickedon=wine"
                                          >Wine</a
                                        >
                                        <div
                                          class="dropdown-menu mb-submenulist last-nested-list"
                                        >
                                          <div class="row no-gutters">
                                            <div
                                              class="col-innermost-menu py-lg-4"
                                            >
                                              <ul class="list-unstyled pb-lg-2">
                                                <li
                                                  class="mb-0 mb-submenu level4Menu"
                                                >
                                                  <a
                                                    class="dropdown-item"
                                                    href="/en-GB/drinks/wine?origin=dropdown&amp;c1=groceries&amp;c2=drinks&amp;c3=wine&amp;c4=shopall-wine&amp;clickedon=shopall-wine"
                                                    >SHOP ALL WINE</a
                                                  >
                                                </li>
                                                <li
                                                  class="mb-0 mb-submenu level4Menu"
                                                >
                                                  <a
                                                    class="dropdown-item"
                                                    href="/en-GB/drinks/wine/red-wine?origin=dropdown&amp;c1=groceries&amp;c2=drinks&amp;c3=wine&amp;c4=red-wine&amp;clickedon=red-wine"
                                                    >Red Wine</a
                                                  >
                                                </li>
                                                <li
                                                  class="mb-0 mb-submenu level4Menu"
                                                >
                                                  <a
                                                    class="dropdown-item"
                                                    href="/en-GB/drinks/wine/white-wine?origin=dropdown&amp;c1=groceries&amp;c2=drinks&amp;c3=wine&amp;c4=white-wine&amp;clickedon=white-wine"
                                                    >White Wine</a
                                                  >
                                                </li>
                                                <li
                                                  class="mb-0 mb-submenu level4Menu"
                                                >
                                                  <a
                                                    class="dropdown-item"
                                                    href="/en-GB/drinks/wine/rose-wine?origin=dropdown&amp;c1=groceries&amp;c2=drinks&amp;c3=wine&amp;c4=rose-wine&amp;clickedon=rose-wine"
                                                    >RosÃ© Wine</a
                                                  >
                                                </li>
                                                <li
                                                  class="mb-0 mb-submenu level4Menu"
                                                >
                                                  <a
                                                    class="dropdown-item"
                                                    href="/en-GB/drinks/wine/prosecco-champagne-sparkling-wine?origin=dropdown&amp;c1=groceries&amp;c2=drinks&amp;c3=wine&amp;c4=prosecco-champagne-sparkling-wine&amp;clickedon=prosecco-champagne-sparkling-wine"
                                                    >Prosecco, Champagne &amp;
                                                    Sparkling Wine</a
                                                  >
                                                </li>
                                                <li
                                                  class="mb-0 mb-submenu level4Menu"
                                                >
                                                  <a
                                                    class="dropdown-item"
                                                    href="/en-GB/drinks/wine/port-sherry-fortified-wine?origin=dropdown&amp;c1=groceries&amp;c2=drinks&amp;c3=wine&amp;c4=port-sherry-fortified-wine&amp;clickedon=port-sherry-fortified-wine"
                                                    >Port, Sherry &amp;
                                                    Fortified Wine</a
                                                  >
                                                </li>
                                                <li
                                                  class="mb-0 mb-submenu level4Menu"
                                                >
                                                  <a
                                                    class="dropdown-item"
                                                    href="/en-GB/drinks/wine/boxed-wine?origin=dropdown&amp;c1=groceries&amp;c2=drinks&amp;c3=wine&amp;c4=boxed-wine&amp;clickedon=boxed-wine"
                                                    >Boxed Wine</a
                                                  >
                                                </li>
                                              </ul>
                                            </div>
                                          </div>
                                        </div>
                                      </li>
                                      <li
                                        class="dropdown-submenu mb-0 mb-submenu level3Menu"
                                      >
                                        <a
                                          style=""
                                          aria-haspopup="true"
                                          class="dropdown-item d-none d-lg-block"
                                          href="/en-GB/drinks/spirits-liqueurs?origin=dropdown&amp;c1=groceries&amp;c2=drinks&amp;c3=spirits-liqueurs&amp;clickedon=spirits-liqueurs"
                                          >Spirits &amp; Liqueurs</a
                                        >
                                        <a
                                          role="button"
                                          style=""
                                          aria-haspopup="true"
                                          class="dropdown-item d-block d-lg-none"
                                          href="/en-GB/drinks/spirits-liqueurs?origin=dropdown&amp;c1=groceries&amp;c2=drinks&amp;c3=spirits-liqueurs&amp;clickedon=spirits-liqueurs"
                                          >Spirits &amp; Liqueurs</a
                                        >
                                        <div
                                          class="dropdown-menu mb-submenulist last-nested-list"
                                        >
                                          <div class="row no-gutters">
                                            <div
                                              class="col-innermost-menu py-lg-4"
                                            >
                                              <ul class="list-unstyled pb-lg-2">
                                                <li
                                                  class="mb-0 mb-submenu level4Menu"
                                                >
                                                  <a
                                                    class="dropdown-item"
                                                    href="/en-GB/drinks/spirits-liqueurs?origin=dropdown&amp;c1=groceries&amp;c2=drinks&amp;c3=spirits-liqueurs&amp;c4=shopall-spirits-liqueurs&amp;clickedon=shopall-spirits-liqueurs"
                                                    >SHOP ALL SPIRITS &amp;
                                                    LIQUEURS</a
                                                  >
                                                </li>
                                                <li
                                                  class="mb-0 mb-submenu level4Menu"
                                                >
                                                  <a
                                                    class="dropdown-item"
                                                    href="/en-GB/drinks/spirits-liqueurs/gin?origin=dropdown&amp;c1=groceries&amp;c2=drinks&amp;c3=spirits-liqueurs&amp;c4=gin&amp;clickedon=gin"
                                                    >Gin</a
                                                  >
                                                </li>
                                                <li
                                                  class="mb-0 mb-submenu level4Menu"
                                                >
                                                  <a
                                                    class="dropdown-item"
                                                    href="/en-GB/drinks/spirits-liqueurs/whisky?origin=dropdown&amp;c1=groceries&amp;c2=drinks&amp;c3=spirits-liqueurs&amp;c4=whisky&amp;clickedon=whisky"
                                                    >Whisky</a
                                                  >
                                                </li>
                                                <li
                                                  class="mb-0 mb-submenu level4Menu"
                                                >
                                                  <a
                                                    class="dropdown-item"
                                                    href="/en-GB/drinks/spirits-liqueurs/vodka?origin=dropdown&amp;c1=groceries&amp;c2=drinks&amp;c3=spirits-liqueurs&amp;c4=vodka&amp;clickedon=vodka"
                                                    >Vodka</a
                                                  >
                                                </li>
                                                <li
                                                  class="mb-0 mb-submenu level4Menu"
                                                >
                                                  <a
                                                    class="dropdown-item"
                                                    href="/en-GB/drinks/spirits-liqueurs/rum?origin=dropdown&amp;c1=groceries&amp;c2=drinks&amp;c3=spirits-liqueurs&amp;c4=rum&amp;clickedon=rum"
                                                    >Rum</a
                                                  >
                                                </li>
                                                <li
                                                  class="mb-0 mb-submenu level4Menu"
                                                >
                                                  <a
                                                    class="dropdown-item"
                                                    href="/en-GB/drinks/spirits-liqueurs/brandy-cognac?origin=dropdown&amp;c1=groceries&amp;c2=drinks&amp;c3=spirits-liqueurs&amp;c4=brandy-cognac&amp;clickedon=brandy-cognac"
                                                    >Brandy &amp; Cognac</a
                                                  >
                                                </li>
                                                <li
                                                  class="mb-0 mb-submenu level4Menu"
                                                >
                                                  <a
                                                    class="dropdown-item"
                                                    href="/en-GB/drinks/spirits-liqueurs/liqueurs-speciality-drinks?origin=dropdown&amp;c1=groceries&amp;c2=drinks&amp;c3=spirits-liqueurs&amp;c4=liqueurs-speciality-drinks&amp;clickedon=liqueurs-speciality-drinks"
                                                    >Liqueurs &amp; Speciality
                                                    Drinks</a
                                                  >
                                                </li>
                                                <li
                                                  class="mb-0 mb-submenu level4Menu"
                                                >
                                                  <a
                                                    class="dropdown-item"
                                                    href="/en-GB/drinks/spirits-liqueurs/premixed-cocktails-drinks?origin=dropdown&amp;c1=groceries&amp;c2=drinks&amp;c3=spirits-liqueurs&amp;c4=premixed-cocktails-drinks&amp;clickedon=premixed-cocktails-drinks"
                                                    >Premixed Cocktails &amp;
                                                    Drinks</a
                                                  >
                                                </li>
                                              </ul>
                                            </div>
                                          </div>
                                        </div>
                                      </li>
                                      <li
                                        class="submenu mb-0 mb-submenu level3Menu"
                                      >
                                        <a
                                          class="dropdown-item"
                                          href="/en-GB/specially-selected/specially-selected-drinks?origin=dropdown&amp;c1=groceries&amp;c2=drinks&amp;c3=specially-selected-drinks&amp;clickedon=specially-selected-drinks"
                                          >Specially Selected Drinks</a
                                        >
                                      </li>
                                    </ul>
                                  </div>
                                </div>
                              </div>
                            </li>
                            <li
                              class="dropdown-submenu mb-0 mb-submenu level2Menu"
                            >
                              <a
                                class="dropdown-item d-none d-lg-block"
                                href="/en-GB/food-cupboard?origin=dropdown&amp;c1=groceries&amp;c2=food-cupboard&amp;clickedon=food-cupboard"
                                target="_self"
                                style=""
                                aria-haspopup="true"
                              >
                                Food Cupboard
                              </a>
                              <a
                                class="dropdown-item d-block d-lg-none"
                                href="/en-GB/food-cupboard?origin=dropdown&amp;c1=groceries&amp;c2=food-cupboard&amp;clickedon=food-cupboard"
                                role="button"
                                target="_self"
                                style=""
                                aria-haspopup="true"
                              >
                                Food Cupboard
                              </a>
                              <div
                                class="dropdown-menu mb-submenulist second-nested-list"
                              >
                                <div class="row no-gutters">
                                  <div class="col-submenu border-right py-lg-4">
                                    <ul id="level3" class="list-unstyled">
                                      <li
                                        class="submenu mb-0 mb-submenu level3Menu"
                                      >
                                        <a
                                          class="dropdown-item"
                                          href="/en-GB/food-cupboard?origin=dropdown&amp;c1=groceries&amp;c2=food-cupboard&amp;c3=shopall-food-cupboard&amp;clickedon=shopall-food-cupboard"
                                          >SHOP ALL FOOD CUPBOARD</a
                                        >
                                      </li>
                                      <li
                                        class="dropdown-submenu mb-0 mb-submenu level3Menu"
                                      >
                                        <a
                                          style=""
                                          aria-haspopup="true"
                                          class="dropdown-item d-none d-lg-block"
                                          href="/en-GB/food-cupboard/biscuits-crackers?origin=dropdown&amp;c1=groceries&amp;c2=food-cupboard&amp;c3=biscuits-crackers&amp;clickedon=biscuits-crackers"
                                          >Biscuits &amp; Crackers</a
                                        >
                                        <a
                                          role="button"
                                          style=""
                                          aria-haspopup="true"
                                          class="dropdown-item d-block d-lg-none"
                                          href="/en-GB/food-cupboard/biscuits-crackers?origin=dropdown&amp;c1=groceries&amp;c2=food-cupboard&amp;c3=biscuits-crackers&amp;clickedon=biscuits-crackers"
                                          >Biscuits &amp; Crackers</a
                                        >
                                        <div
                                          class="dropdown-menu mb-submenulist last-nested-list"
                                        >
                                          <div class="row no-gutters">
                                            <div
                                              class="col-innermost-menu py-lg-4"
                                            >
                                              <ul class="list-unstyled pb-lg-2">
                                                <li
                                                  class="mb-0 mb-submenu level4Menu"
                                                >
                                                  <a
                                                    class="dropdown-item"
                                                    href="https://groceries.aldi.co.uk/en-GB/food-cupboard/biscuits-crackers?origin=dropdown&amp;c1=groceries&amp;c2=food-cupboard&amp;c3=biscuits-crackers&amp;c4=shopall-biscuits-crackers&amp;clickedon=shopall-biscuits-crackers"
                                                    >SHOP ALL BISCUITS &amp;
                                                    CRACKERS</a
                                                  >
                                                </li>
                                                <li
                                                  class="mb-0 mb-submenu level4Menu"
                                                >
                                                  <a
                                                    class="dropdown-item"
                                                    href="/en-GB/food-cupboard/biscuits-crackers/biscuits?origin=dropdown&amp;c1=groceries&amp;c2=food-cupboard&amp;c3=biscuits-crackers&amp;c4=biscuits&amp;clickedon=biscuits"
                                                    >Biscuits</a
                                                  >
                                                </li>
                                                <li
                                                  class="mb-0 mb-submenu level4Menu"
                                                >
                                                  <a
                                                    class="dropdown-item"
                                                    href="/en-GB/food-cupboard/biscuits-crackers/savoury-biscuits-crackers?origin=dropdown&amp;c1=groceries&amp;c2=food-cupboard&amp;c3=biscuits-crackers&amp;c4=savoury-biscuits-crackers&amp;clickedon=savoury-biscuits-crackers"
                                                    >Savoury Biscuits &amp;
                                                    Crackers</a
                                                  >
                                                </li>
                                                <li
                                                  class="mb-0 mb-submenu level4Menu"
                                                >
                                                  <a
                                                    class="dropdown-item"
                                                    href="/en-GB/food-cupboard/biscuits-crackers/wafers?origin=dropdown&amp;c1=groceries&amp;c2=food-cupboard&amp;c3=biscuits-crackers&amp;c4=wafers&amp;clickedon=wafers"
                                                    >Wafers</a
                                                  >
                                                </li>
                                              </ul>
                                            </div>
                                          </div>
                                        </div>
                                      </li>
                                      <li
                                        class="dropdown-submenu mb-0 mb-submenu level3Menu"
                                      >
                                        <a
                                          style=""
                                          aria-haspopup="true"
                                          class="dropdown-item d-none d-lg-block"
                                          href="/en-GB/food-cupboard/breakfast-cereal?origin=dropdown&amp;c1=groceries&amp;c2=food-cupboard&amp;c3=breakfast-cereal&amp;clickedon=breakfast-cereal"
                                          >Breakfast Cereal</a
                                        >
                                        <a
                                          role="button"
                                          style=""
                                          aria-haspopup="true"
                                          class="dropdown-item d-block d-lg-none"
                                          href="/en-GB/food-cupboard/breakfast-cereal?origin=dropdown&amp;c1=groceries&amp;c2=food-cupboard&amp;c3=breakfast-cereal&amp;clickedon=breakfast-cereal"
                                          >Breakfast Cereal</a
                                        >
                                        <div
                                          class="dropdown-menu mb-submenulist last-nested-list"
                                        >
                                          <div class="row no-gutters">
                                            <div
                                              class="col-innermost-menu py-lg-4"
                                            >
                                              <ul class="list-unstyled pb-lg-2">
                                                <li
                                                  class="mb-0 mb-submenu level4Menu"
                                                >
                                                  <a
                                                    class="dropdown-item"
                                                    href="https://groceries.aldi.co.uk/en-GB/food-cupboard/breakfast-cereal?origin=dropdown&amp;c1=groceries&amp;c2=food-cupboard&amp;c3=breakfast-cereal&amp;c4=shopall-breakfast-cereal&amp;clickedon=shopall-breakfast-cereal"
                                                    >SHOP ALL BREAKFAST
                                                    CEREAL</a
                                                  >
                                                </li>
                                                <li
                                                  class="mb-0 mb-submenu level4Menu"
                                                >
                                                  <a
                                                    class="dropdown-item"
                                                    href="/en-GB/food-cupboard/breakfast-cereal/cereals?origin=dropdown&amp;c1=groceries&amp;c2=food-cupboard&amp;c3=breakfast-cereal&amp;c4=cereals&amp;clickedon=cereals"
                                                    >Cereals</a
                                                  >
                                                </li>
                                                <li
                                                  class="mb-0 mb-submenu level4Menu"
                                                >
                                                  <a
                                                    class="dropdown-item"
                                                    href="/en-GB/food-cupboard/breakfast-cereal/hot-cereals-oatmeal?origin=dropdown&amp;c1=groceries&amp;c2=food-cupboard&amp;c3=breakfast-cereal&amp;c4=hot-cereals-oatmeal&amp;clickedon=hot-cereals-oatmeal"
                                                    >Hot Cereals &amp;
                                                    Oatmeal</a
                                                  >
                                                </li>
                                              </ul>
                                            </div>
                                          </div>
                                        </div>
                                      </li>
                                      <li
                                        class="dropdown-submenu mb-0 mb-submenu level3Menu"
                                      >
                                        <a
                                          style=""
                                          aria-haspopup="true"
                                          class="dropdown-item d-none d-lg-block"
                                          href="/en-GB/food-cupboard/sweets-chocolate?origin=dropdown&amp;c1=groceries&amp;c2=food-cupboard&amp;c3=sweets-chocolate&amp;clickedon=sweets-chocolate"
                                          >Sweets &amp; Chocolate</a
                                        >
                                        <a
                                          role="button"
                                          style=""
                                          aria-haspopup="true"
                                          class="dropdown-item d-block d-lg-none"
                                          href="/en-GB/food-cupboard/sweets-chocolate?origin=dropdown&amp;c1=groceries&amp;c2=food-cupboard&amp;c3=sweets-chocolate&amp;clickedon=sweets-chocolate"
                                          >Sweets &amp; Chocolate</a
                                        >
                                        <div
                                          class="dropdown-menu mb-submenulist last-nested-list"
                                        >
                                          <div class="row no-gutters">
                                            <div
                                              class="col-innermost-menu py-lg-4"
                                            >
                                              <ul class="list-unstyled pb-lg-2">
                                                <li
                                                  class="mb-0 mb-submenu level4Menu"
                                                >
                                                  <a
                                                    class="dropdown-item"
                                                    href="https://groceries.aldi.co.uk/en-GB/food-cupboard/sweets-chocolate?origin=dropdown&amp;c1=groceries&amp;c2=food-cupboard&amp;c3=sweets-chocolate&amp;c4=shopall-sweets-chocolate&amp;clickedon=shopall-sweets-chocolate"
                                                    >SHOP ALL SWEETS &amp;
                                                    CHOCOLATE</a
                                                  >
                                                </li>
                                                <li
                                                  class="mb-0 mb-submenu level4Menu"
                                                >
                                                  <a
                                                    class="dropdown-item"
                                                    href="/en-GB/food-cupboard/sweets-chocolate/chocolate-bars?origin=dropdown&amp;c1=groceries&amp;c2=food-cupboard&amp;c3=sweets-chocolate&amp;c4=chocolate-bars&amp;clickedon=chocolate-bars"
                                                    >Chocolate Bars</a
                                                  >
                                                </li>
                                                <li
                                                  class="mb-0 mb-submenu level4Menu"
                                                >
                                                  <a
                                                    class="dropdown-item"
                                                    href="/en-GB/food-cupboard/sweets-chocolate/free-from-traditional-sweets?origin=dropdown&amp;c1=groceries&amp;c2=food-cupboard&amp;c3=sweets-chocolate&amp;c4=free-from-traditional-sweets&amp;clickedon=free-from-traditional-sweets"
                                                    >Free-from &amp; Traditional
                                                    Sweets</a
                                                  >
                                                </li>
                                                <li
                                                  class="mb-0 mb-submenu level4Menu"
                                                >
                                                  <a
                                                    class="dropdown-item"
                                                    href="/en-GB/food-cupboard/sweets-chocolate/jellies-gummy-sweets?origin=dropdown&amp;c1=groceries&amp;c2=food-cupboard&amp;c3=sweets-chocolate&amp;c4=jellies-gummy-sweets&amp;clickedon=jellies-gummy-sweets"
                                                    >Jellies &amp; Gummy
                                                    sweets</a
                                                  >
                                                </li>
                                                <li
                                                  class="mb-0 mb-submenu level4Menu"
                                                >
                                                  <a
                                                    class="dropdown-item"
                                                    href="/en-GB/food-cupboard/sweets-chocolate/chocolate-pouches-bags?origin=dropdown&amp;c1=groceries&amp;c2=food-cupboard&amp;c3=sweets-chocolate&amp;c4=chocolate-pouches-bags&amp;clickedon=chocolate-pouches-bags"
                                                    >Chocolate Pouches &amp;
                                                    Bags</a
                                                  >
                                                </li>
                                                <li
                                                  class="mb-0 mb-submenu level4Menu"
                                                >
                                                  <a
                                                    class="dropdown-item"
                                                    href="/en-GB/food-cupboard/sweets-chocolate/multipack-chocolate?origin=dropdown&amp;c1=groceries&amp;c2=food-cupboard&amp;c3=sweets-chocolate&amp;c4=multipack-chocolate&amp;clickedon=multipack-chocolate"
                                                    >Multipack Chocolate</a
                                                  >
                                                </li>
                                                <li
                                                  class="mb-0 mb-submenu level4Menu"
                                                >
                                                  <a
                                                    class="dropdown-item"
                                                    href="/en-GB/food-cupboard/sweets-chocolate/mints?origin=dropdown&amp;c1=groceries&amp;c2=food-cupboard&amp;c3=sweets-chocolate&amp;c4=mints&amp;clickedon=mints"
                                                    >Mints</a
                                                  >
                                                </li>
                                                <li
                                                  class="mb-0 mb-submenu level4Menu"
                                                >
                                                  <a
                                                    class="dropdown-item"
                                                    href="/en-GB/food-cupboard/sweets-chocolate/chewy-sweets?origin=dropdown&amp;c1=groceries&amp;c2=food-cupboard&amp;c3=sweets-chocolate&amp;c4=chewy-sweets&amp;clickedon=chewy-sweets"
                                                    >Chewy Sweets</a
                                                  >
                                                </li>
                                                <li
                                                  class="mb-0 mb-submenu level4Menu"
                                                >
                                                  <a
                                                    class="dropdown-item"
                                                    href="/en-GB/food-cupboard/sweets-chocolate/chewing-gum?origin=dropdown&amp;c1=groceries&amp;c2=food-cupboard&amp;c3=sweets-chocolate&amp;c4=chewing-gum&amp;clickedon=chewing-gum"
                                                    >Chewing Gum</a
                                                  >
                                                </li>
                                              </ul>
                                            </div>
                                          </div>
                                        </div>
                                      </li>
                                      <li
                                        class="dropdown-submenu mb-0 mb-submenu level3Menu"
                                      >
                                        <a
                                          style=""
                                          aria-haspopup="true"
                                          class="dropdown-item d-none d-lg-block"
                                          href="/en-GB/food-cupboard/crisps-snacks?origin=dropdown&amp;c1=groceries&amp;c2=food-cupboard&amp;c3=crisps-snacks&amp;clickedon=crisps-snacks"
                                          >Crisps &amp; Snacks</a
                                        >
                                        <a
                                          role="button"
                                          style=""
                                          aria-haspopup="true"
                                          class="dropdown-item d-block d-lg-none"
                                          href="/en-GB/food-cupboard/crisps-snacks?origin=dropdown&amp;c1=groceries&amp;c2=food-cupboard&amp;c3=crisps-snacks&amp;clickedon=crisps-snacks"
                                          >Crisps &amp; Snacks</a
                                        >
                                        <div
                                          class="dropdown-menu mb-submenulist last-nested-list"
                                        >
                                          <div class="row no-gutters">
                                            <div
                                              class="col-innermost-menu py-lg-4"
                                            >
                                              <ul class="list-unstyled pb-lg-2">
                                                <li
                                                  class="mb-0 mb-submenu level4Menu"
                                                >
                                                  <a
                                                    class="dropdown-item"
                                                    href="https://groceries.aldi.co.uk/en-GB/food-cupboard/crisps-snacks?origin=dropdown&amp;c1=groceries&amp;c2=food-cupboard&amp;c3=crisps-snacks&amp;c4=shopall-crisps-snacks&amp;clickedon=shopall-crisps-snacks"
                                                    >SHOP ALL CRISPS &amp;
                                                    SNACKS</a
                                                  >
                                                </li>
                                                <li
                                                  class="mb-0 mb-submenu level4Menu"
                                                >
                                                  <a
                                                    class="dropdown-item"
                                                    href="/en-GB/food-cupboard/crisps-snacks/crisps?origin=dropdown&amp;c1=groceries&amp;c2=food-cupboard&amp;c3=crisps-snacks&amp;c4=crisps&amp;clickedon=crisps"
                                                    >Crisps</a
                                                  >
                                                </li>
                                                <li
                                                  class="mb-0 mb-submenu level4Menu"
                                                >
                                                  <a
                                                    class="dropdown-item"
                                                    href="/en-GB/food-cupboard/crisps-snacks/cereal-nutritional-snack-bars?origin=dropdown&amp;c1=groceries&amp;c2=food-cupboard&amp;c3=crisps-snacks&amp;c4=cereal-nutritional-snack-bars&amp;clickedon=cereal-nutritional-snack-bars"
                                                    >Cereal &amp; Nutritional
                                                    Snack Bars</a
                                                  >
                                                </li>
                                                <li
                                                  class="mb-0 mb-submenu level4Menu"
                                                >
                                                  <a
                                                    class="dropdown-item"
                                                    href="/en-GB/food-cupboard/crisps-snacks/snacks?origin=dropdown&amp;c1=groceries&amp;c2=food-cupboard&amp;c3=crisps-snacks&amp;c4=snacks&amp;clickedon=snacks"
                                                    >Snacks</a
                                                  >
                                                </li>
                                                <li
                                                  class="mb-0 mb-submenu level4Menu"
                                                >
                                                  <a
                                                    class="dropdown-item"
                                                    href="/en-GB/food-cupboard/crisps-snacks/healthy-snacking?origin=dropdown&amp;c1=groceries&amp;c2=food-cupboard&amp;c3=crisps-snacks&amp;c4=healthy-snacking&amp;clickedon=healthy-snacking"
                                                    >Healthy Snacking</a
                                                  >
                                                </li>
                                              </ul>
                                            </div>
                                          </div>
                                        </div>
                                      </li>
                                      <li
                                        class="dropdown-submenu mb-0 mb-submenu level3Menu"
                                      >
                                        <a
                                          style=""
                                          aria-haspopup="true"
                                          class="dropdown-item d-none d-lg-block"
                                          href="/en-GB/food-cupboard/seeds-nuts-dried-fruits?origin=dropdown&amp;c1=groceries&amp;c2=food-cupboard&amp;c3=seeds-nuts-dried-fruits&amp;clickedon=seeds-nuts-dried-fruits"
                                          >Seeds, Nuts &amp; Dried Fruits</a
                                        >
                                        <a
                                          role="button"
                                          style=""
                                          aria-haspopup="true"
                                          class="dropdown-item d-block d-lg-none"
                                          href="/en-GB/food-cupboard/seeds-nuts-dried-fruits?origin=dropdown&amp;c1=groceries&amp;c2=food-cupboard&amp;c3=seeds-nuts-dried-fruits&amp;clickedon=seeds-nuts-dried-fruits"
                                          >Seeds, Nuts &amp; Dried Fruits</a
                                        >
                                        <div
                                          class="dropdown-menu mb-submenulist last-nested-list"
                                        >
                                          <div class="row no-gutters">
                                            <div
                                              class="col-innermost-menu py-lg-4"
                                            >
                                              <ul class="list-unstyled pb-lg-2">
                                                <li
                                                  class="mb-0 mb-submenu level4Menu"
                                                >
                                                  <a
                                                    class="dropdown-item"
                                                    href="/en-GB/food-cupboard/seeds-nuts-dried-fruits?origin=dropdown&amp;c1=groceries&amp;c2=food-cupboard&amp;c3=seeds-nuts-dried-fruits&amp;c4=shopall-seeds-nuts-dried-fruits&amp;clickedon=shopall-seeds-nuts-dried-fruits"
                                                    >SHOP ALL SEEDS, NUTS &amp;
                                                    DRIED FRUITS</a
                                                  >
                                                </li>
                                                <li
                                                  class="mb-0 mb-submenu level4Menu"
                                                >
                                                  <a
                                                    class="dropdown-item"
                                                    href="/en-GB/food-cupboard/seeds-nuts-dried-fruits/nuts-seeds?origin=dropdown&amp;c1=groceries&amp;c2=food-cupboard&amp;c3=seeds-nuts-dried-fruits&amp;c4=nuts-seeds&amp;clickedon=nuts-seeds"
                                                    >Nuts &amp; Seeds</a
                                                  >
                                                </li>
                                                <li
                                                  class="mb-0 mb-submenu level4Menu"
                                                >
                                                  <a
                                                    class="dropdown-item"
                                                    href="/en-GB/food-cupboard/seeds-nuts-dried-fruits/dried-fruits?origin=dropdown&amp;c1=groceries&amp;c2=food-cupboard&amp;c3=seeds-nuts-dried-fruits&amp;c4=dried-fruits&amp;clickedon=dried-fruits"
                                                    >Dried Fruits</a
                                                  >
                                                </li>
                                              </ul>
                                            </div>
                                          </div>
                                        </div>
                                      </li>
                                      <li
                                        class="dropdown-submenu mb-0 mb-submenu level3Menu"
                                      >
                                        <a
                                          style=""
                                          aria-haspopup="true"
                                          class="dropdown-item d-none d-lg-block"
                                          href="/en-GB/food-cupboard/sauces-oils-dressings?origin=dropdown&amp;c1=groceries&amp;c2=food-cupboard&amp;c3=sauces-oils-dressings&amp;clickedon=sauces-oils-dressings"
                                          >Sauces, Oils &amp; Dressings</a
                                        >
                                        <a
                                          role="button"
                                          style=""
                                          aria-haspopup="true"
                                          class="dropdown-item d-block d-lg-none"
                                          href="/en-GB/food-cupboard/sauces-oils-dressings?origin=dropdown&amp;c1=groceries&amp;c2=food-cupboard&amp;c3=sauces-oils-dressings&amp;clickedon=sauces-oils-dressings"
                                          >Sauces, Oils &amp; Dressings</a
                                        >
                                        <div
                                          class="dropdown-menu mb-submenulist last-nested-list"
                                        >
                                          <div class="row no-gutters">
                                            <div
                                              class="col-innermost-menu py-lg-4"
                                            >
                                              <ul class="list-unstyled pb-lg-2">
                                                <li
                                                  class="mb-0 mb-submenu level4Menu"
                                                >
                                                  <a
                                                    class="dropdown-item"
                                                    href="https://groceries.aldi.co.uk/en-GB/food-cupboard/sauces-oils-dressings?origin=dropdown&amp;c1=groceries&amp;c2=food-cupboard&amp;c3=sauces-oils-dressings&amp;c4=shopall-table-sauces-oils-dressings&amp;clickedon=shopall-table-sauces-oils-dressings"
                                                    >SHOP ALL TABLE SAUCES, OILS
                                                    &amp; DRESSINGS</a
                                                  >
                                                </li>
                                                <li
                                                  class="mb-0 mb-submenu level4Menu"
                                                >
                                                  <a
                                                    class="dropdown-item"
                                                    href="/en-GB/food-cupboard/sauces-oils-dressings/sauces-pesto?origin=dropdown&amp;c1=groceries&amp;c2=food-cupboard&amp;c3=sauces-oils-dressings&amp;c4=sauces-pesto&amp;clickedon=sauces-pesto"
                                                    >Sauces &amp; Pesto</a
                                                  >
                                                </li>
                                                <li
                                                  class="mb-0 mb-submenu level4Menu"
                                                >
                                                  <a
                                                    class="dropdown-item"
                                                    href="/en-GB/food-cupboard/sauces-oils-dressings/ketchup-sauces?origin=dropdown&amp;c1=groceries&amp;c2=food-cupboard&amp;c3=sauces-oils-dressings&amp;c4=ketchuptable-sauces&amp;clickedon=ketchuptable-sauces"
                                                    >Ketchup &amp; Table
                                                    Sauces</a
                                                  >
                                                </li>
                                                <li
                                                  class="mb-0 mb-submenu level4Menu"
                                                >
                                                  <a
                                                    class="dropdown-item"
                                                    href="/en-GB/food-cupboard/sauces-oils-dressings/oil?origin=dropdown&amp;c1=groceries&amp;c2=food-cupboard&amp;c3=sauces-oils-dressings&amp;c4=oil&amp;clickedon=oil"
                                                    >Oil</a
                                                  >
                                                </li>
                                                <li
                                                  class="mb-0 mb-submenu level4Menu"
                                                >
                                                  <a
                                                    class="dropdown-item"
                                                    href="/en-GB/food-cupboard/sauces-oils-dressings/mayonnaise?origin=dropdown&amp;c1=groceries&amp;c2=food-cupboard&amp;c3=sauces-oils-dressings&amp;c4=mayonnaise&amp;clickedon=mayonnaise"
                                                    >Mayonnaise</a
                                                  >
                                                </li>
                                                <li
                                                  class="mb-0 mb-submenu level4Menu"
                                                >
                                                  <a
                                                    class="dropdown-item"
                                                    href="/en-GB/food-cupboard/sauces-oils-dressings/dressings-marinades?origin=dropdown&amp;c1=groceries&amp;c2=food-cupboard&amp;c3=sauces-oils-dressings&amp;c4=dressings-marinades&amp;clickedon=dressings-marinades"
                                                    >Dressings &amp;
                                                    Marinades</a
                                                  >
                                                </li>
                                                <li
                                                  class="mb-0 mb-submenu level4Menu"
                                                >
                                                  <a
                                                    class="dropdown-item"
                                                    href="/en-GB/food-cupboard/sauces-oils-dressings/vinegar?origin=dropdown&amp;c1=groceries&amp;c2=food-cupboard&amp;c3=sauces-oils-dressings&amp;c4=vinegar&amp;clickedon=vinegar"
                                                    >Vinegar</a
                                                  >
                                                </li>
                                              </ul>
                                            </div>
                                          </div>
                                        </div>
                                      </li>
                                      <li
                                        class="dropdown-submenu mb-0 mb-submenu level3Menu"
                                      >
                                        <a
                                          style=""
                                          aria-haspopup="true"
                                          class="dropdown-item d-none d-lg-block"
                                          href="/en-GB/food-cupboard/tins-cans-packets?origin=dropdown&amp;c1=groceries&amp;c2=food-cupboard&amp;c3=tins-cans-packets&amp;clickedon=tins-cans-packets"
                                          >Tins, Cans &amp; Packets</a
                                        >
                                        <a
                                          role="button"
                                          style=""
                                          aria-haspopup="true"
                                          class="dropdown-item d-block d-lg-none"
                                          href="/en-GB/food-cupboard/tins-cans-packets?origin=dropdown&amp;c1=groceries&amp;c2=food-cupboard&amp;c3=tins-cans-packets&amp;clickedon=tins-cans-packets"
                                          >Tins, Cans &amp; Packets</a
                                        >
                                        <div
                                          class="dropdown-menu mb-submenulist last-nested-list"
                                        >
                                          <div class="row no-gutters">
                                            <div
                                              class="col-innermost-menu py-lg-4"
                                            >
                                              <ul class="list-unstyled pb-lg-2">
                                                <li
                                                  class="mb-0 mb-submenu level4Menu"
                                                >
                                                  <a
                                                    class="dropdown-item"
                                                    href="/en-GB/food-cupboard/tins-cans-packets?origin=dropdown&amp;c1=groceries&amp;c2=food-cupboard&amp;c3=tins-cans-packets&amp;c4=shopall-tins-cans-packets&amp;clickedon=shopall-tins-cans-packets"
                                                    >SHOP ALL TINS, CANS &amp;
                                                    PACKETS</a
                                                  >
                                                </li>
                                                <li
                                                  class="mb-0 mb-submenu level4Menu"
                                                >
                                                  <a
                                                    class="dropdown-item"
                                                    href="/en-GB/food-cupboard/tins-cans-packets/tinned-vegetables?origin=dropdown&amp;c1=groceries&amp;c2=food-cupboard&amp;c3=tins-cans-packets&amp;c4=tinned-vegetables&amp;clickedon=tinned-vegetables"
                                                    >Tinned Vegetables</a
                                                  >
                                                </li>
                                                <li
                                                  class="mb-0 mb-submenu level4Menu"
                                                >
                                                  <a
                                                    class="dropdown-item"
                                                    href="/en-GB/food-cupboard/tins-cans-packets/tinned-fish?origin=dropdown&amp;c1=groceries&amp;c2=food-cupboard&amp;c3=tins-cans-packets&amp;c4=tinned-fish&amp;clickedon=tinned-fish"
                                                    >Tinned Fish</a
                                                  >
                                                </li>
                                                <li
                                                  class="mb-0 mb-submenu level4Menu"
                                                >
                                                  <a
                                                    class="dropdown-item"
                                                    href="/en-GB/food-cupboard/tins-cans-packets/herbs-spices?origin=dropdown&amp;c1=groceries&amp;c2=food-cupboard&amp;c3=tins-cans-packets&amp;c4=herbs-spices&amp;clickedon=herbs-spices"
                                                    >Herbs &amp; Spices</a
                                                  >
                                                </li>
                                                <li
                                                  class="mb-0 mb-submenu level4Menu"
                                                >
                                                  <a
                                                    class="dropdown-item"
                                                    href="/en-GB/food-cupboard/tins-cans-packets/instant-soups-stocks-packet-mix?origin=dropdown&amp;c1=groceries&amp;c2=food-cupboard&amp;c3=tins-cans-packets&amp;c4=instant-soups-stocks-packet-mix&amp;clickedon=instant-soups-stocks-packet-mix"
                                                    >Instant Soups, Stocks &amp;
                                                    Packet Mix</a
                                                  >
                                                </li>
                                                <li
                                                  class="mb-0 mb-submenu level4Menu"
                                                >
                                                  <a
                                                    class="dropdown-item"
                                                    href="/en-GB/food-cupboard/tins-cans-packets/tinned-fruit?origin=dropdown&amp;c1=groceries&amp;c2=food-cupboard&amp;c3=tins-cans-packets&amp;c4=tinned-fruit&amp;clickedon=tinned-fruit"
                                                    >Tinned Fruit</a
                                                  >
                                                </li>
                                                <li
                                                  class="mb-0 mb-submenu level4Menu"
                                                >
                                                  <a
                                                    class="dropdown-item"
                                                    href="/en-GB/food-cupboard/tins-cans-packets/tinned-soups-hotpots?origin=dropdown&amp;c1=groceries&amp;c2=food-cupboard&amp;c3=tins-cans-packets&amp;c4=tinned-soups-hotspots&amp;clickedon=tinned-soups-hotspots"
                                                    >Tinned Soups &amp;
                                                    Hotspots</a
                                                  >
                                                </li>
                                                <li
                                                  class="mb-0 mb-submenu level4Menu"
                                                >
                                                  <a
                                                    class="dropdown-item"
                                                    href="/en-GB/food-cupboard/tins-cans-packets/pickled-vegetables?origin=dropdown&amp;c1=groceries&amp;c2=food-cupboard&amp;c3=tins-cans-packets&amp;c4=pickled-vegetables&amp;clickedon=pickled-vegetables"
                                                    >Pickled Vegetables</a
                                                  >
                                                </li>
                                                <li
                                                  class="mb-0 mb-submenu level4Menu"
                                                >
                                                  <a
                                                    class="dropdown-item"
                                                    href="/en-GB/food-cupboard/tins-cans-packets/tinned-meats?origin=dropdown&amp;c1=groceries&amp;c2=food-cupboard&amp;c3=tins-cans-packets&amp;c4=tinned-meats&amp;clickedon=tinned-meats"
                                                    >Tinned Meats</a
                                                  >
                                                </li>
                                                <li
                                                  class="mb-0 mb-submenu level4Menu"
                                                >
                                                  <a
                                                    class="dropdown-item"
                                                    href="/en-GB/food-cupboard/tins-cans-packets/Tinned-desserts?origin=dropdown&amp;c1=groceries&amp;c2=food-cupboard&amp;c3=tins-cans-packets&amp;c4=tinned-desserts&amp;clickedon=tinned-desserts"
                                                    >Tinned Desserts</a
                                                  >
                                                </li>
                                                <li
                                                  class="mb-0 mb-submenu level4Menu"
                                                >
                                                  <a
                                                    class="dropdown-item"
                                                    href="/en-GB/food-cupboard/tins-cans-packets/antipasti-jars?origin=dropdown&amp;c1=groceries&amp;c2=food-cupboard&amp;c3=tins-cans-packets&amp;c4=antipasti-jars&amp;clickedon=antipasti-jars"
                                                    >Antipasti Jars</a
                                                  >
                                                </li>
                                                <li
                                                  class="mb-0 mb-submenu level4Menu"
                                                >
                                                  <a
                                                    class="dropdown-item"
                                                    href="/en-GB/food-cupboard/tins-cans-packets/prepared-desserts?origin=dropdown&amp;c1=groceries&amp;c2=food-cupboard&amp;c3=tins-cans-packets&amp;c4=prepared-desserts&amp;clickedon=prepared-desserts"
                                                    >Prepared Desserts</a
                                                  >
                                                </li>
                                              </ul>
                                            </div>
                                          </div>
                                        </div>
                                      </li>
                                      <li
                                        class="dropdown-submenu mb-0 mb-submenu level3Menu"
                                      >
                                        <a
                                          style=""
                                          aria-haspopup="true"
                                          class="dropdown-item d-none d-lg-block"
                                          href="/en-GB/food-cupboard/rice-pasta-noodles?origin=dropdown&amp;c1=groceries&amp;c2=food-cupboard&amp;c3=rice-pasta-noodles&amp;clickedon=rice-pasta-noodles"
                                          >Rice, Pasta &amp; Noodles</a
                                        >
                                        <a
                                          role="button"
                                          style=""
                                          aria-haspopup="true"
                                          class="dropdown-item d-block d-lg-none"
                                          href="/en-GB/food-cupboard/rice-pasta-noodles?origin=dropdown&amp;c1=groceries&amp;c2=food-cupboard&amp;c3=rice-pasta-noodles&amp;clickedon=rice-pasta-noodles"
                                          >Rice, Pasta &amp; Noodles</a
                                        >
                                        <div
                                          class="dropdown-menu mb-submenulist last-nested-list"
                                        >
                                          <div class="row no-gutters">
                                            <div
                                              class="col-innermost-menu py-lg-4"
                                            >
                                              <ul class="list-unstyled pb-lg-2">
                                                <li
                                                  class="mb-0 mb-submenu level4Menu"
                                                >
                                                  <a
                                                    class="dropdown-item"
                                                    href="https://groceries.aldi.co.uk/en-GB/food-cupboard/rice-pasta-noodles?origin=dropdown&amp;c1=groceries&amp;c2=food-cupboard&amp;c3=rice-pasta-noodles&amp;c4=shopall-rice-pasta-noodles&amp;clickedon=shopall-rice-pasta-noodles"
                                                    >SHOP ALL RICE, PASTA &amp;
                                                    NOODLES</a
                                                  >
                                                </li>
                                                <li
                                                  class="mb-0 mb-submenu level4Menu"
                                                >
                                                  <a
                                                    class="dropdown-item"
                                                    href="/en-GB/food-cupboard/rice-pasta-noodles/pasta-noodles?origin=dropdown&amp;c1=groceries&amp;c2=food-cupboard&amp;c3=rice-pasta-noodles&amp;c4=pasta-noodles&amp;clickedon=pasta-noodles"
                                                    >Pasta &amp; Noodles</a
                                                  >
                                                </li>
                                                <li
                                                  class="mb-0 mb-submenu level4Menu"
                                                >
                                                  <a
                                                    class="dropdown-item"
                                                    href="/en-GB/food-cupboard/rice-pasta-noodles/rice?origin=dropdown&amp;c1=groceries&amp;c2=food-cupboard&amp;c3=rice-pasta-noodles&amp;c4=rice&amp;clickedon=rice"
                                                    >Rice</a
                                                  >
                                                </li>
                                                <li
                                                  class="mb-0 mb-submenu level4Menu"
                                                >
                                                  <a
                                                    class="dropdown-item"
                                                    href="/en-GB/food-cupboard/rice-pasta-noodles/instant-noodles-rice-snacks?origin=dropdown&amp;c1=groceries&amp;c2=food-cupboard&amp;c3=rice-pasta-noodles&amp;c4=instant-noodle-rice-snacks&amp;clickedon=instant-noodle-rice-snacks"
                                                    >Instant Noodle &amp; Rice
                                                    Snacks</a
                                                  >
                                                </li>
                                              </ul>
                                            </div>
                                          </div>
                                        </div>
                                      </li>
                                      <li
                                        class="dropdown-submenu mb-0 mb-submenu level3Menu"
                                      >
                                        <a
                                          style=""
                                          aria-haspopup="true"
                                          class="dropdown-item d-none d-lg-block"
                                          href="/en-GB/food-cupboard/home-baking?origin=dropdown&amp;c1=groceries&amp;c2=food-cupboard&amp;c3=home-baking&amp;clickedon=home-baking"
                                          >Home Baking</a
                                        >
                                        <a
                                          role="button"
                                          style=""
                                          aria-haspopup="true"
                                          class="dropdown-item d-block d-lg-none"
                                          href="/en-GB/food-cupboard/home-baking?origin=dropdown&amp;c1=groceries&amp;c2=food-cupboard&amp;c3=home-baking&amp;clickedon=home-baking"
                                          >Home Baking</a
                                        >
                                        <div
                                          class="dropdown-menu mb-submenulist last-nested-list"
                                        >
                                          <div class="row no-gutters">
                                            <div
                                              class="col-innermost-menu py-lg-4"
                                            >
                                              <ul class="list-unstyled pb-lg-2">
                                                <li
                                                  class="mb-0 mb-submenu level4Menu"
                                                >
                                                  <a
                                                    class="dropdown-item"
                                                    href="https://groceries.aldi.co.uk/en-GB/food-cupboard/home-baking?origin=dropdown&amp;c1=groceries&amp;c2=food-cupboard&amp;c3=home-baking&amp;c4=shopall-home-baking&amp;clickedon=shopall-home-baking"
                                                    >SHOP ALL HOME BAKING</a
                                                  >
                                                </li>
                                                <li
                                                  class="mb-0 mb-submenu level4Menu"
                                                >
                                                  <a
                                                    class="dropdown-item"
                                                    href="/en-GB/food-cupboard/home-baking/baking-ingredients?origin=dropdown&amp;c1=groceries&amp;c2=food-cupboard&amp;c3=home-baking&amp;c4=baking-ingredients&amp;clickedon=baking-ingredients"
                                                    >Baking Ingredients</a
                                                  >
                                                </li>
                                                <li
                                                  class="mb-0 mb-submenu level4Menu"
                                                >
                                                  <a
                                                    class="dropdown-item"
                                                    href="/en-GB/food-cupboard/home-baking/sugar-sweeteners?origin=dropdown&amp;c1=groceries&amp;c2=food-cupboard&amp;c3=home-baking&amp;c4=sugar-sweeteners&amp;clickedon=sugar-sweeteners"
                                                    >Sugar &amp; Sweeteners</a
                                                  >
                                                </li>
                                                <li
                                                  class="mb-0 mb-submenu level4Menu"
                                                >
                                                  <a
                                                    class="dropdown-item"
                                                    href="/en-GB/food-cupboard/home-baking/baking-mixes?origin=dropdown&amp;c1=groceries&amp;c2=food-cupboard&amp;c3=home-baking&amp;c4=baking-mixes&amp;clickedon=baking-mixes"
                                                    >Baking Mixes</a
                                                  >
                                                </li>
                                                <li
                                                  class="mb-0 mb-submenu level4Menu"
                                                >
                                                  <a
                                                    class="dropdown-item"
                                                    href="/en-GB/food-cupboard/home-baking/flour?origin=dropdown&amp;c1=groceries&amp;c2=food-cupboard&amp;c3=home-baking&amp;c4=flour&amp;clickedon=flour"
                                                    >Flour</a
                                                  >
                                                </li>
                                                <li
                                                  class="mb-0 mb-submenu level4Menu"
                                                >
                                                  <a
                                                    class="dropdown-item"
                                                    href="/en-GB/food-cupboard/home-baking/pastry?origin=dropdown&amp;c1=groceries&amp;c2=food-cupboard&amp;c3=home-baking&amp;c4=pastry&amp;clickedon=pastry"
                                                    >Pastry</a
                                                  >
                                                </li>
                                              </ul>
                                            </div>
                                          </div>
                                        </div>
                                      </li>
                                      <li
                                        class="dropdown-submenu mb-0 mb-submenu level3Menu"
                                      >
                                        <a
                                          style=""
                                          aria-haspopup="true"
                                          class="dropdown-item d-none d-lg-block"
                                          href="/en-GB/food-cupboard/jams-spreads-syrups?origin=dropdown&amp;c1=groceries&amp;c2=food-cupboard&amp;c3=jams-spreads-syrups&amp;clickedon=jams-spreads-syrups"
                                          >Jams, Spreads &amp; Syrups</a
                                        >
                                        <a
                                          role="button"
                                          style=""
                                          aria-haspopup="true"
                                          class="dropdown-item d-block d-lg-none"
                                          href="/en-GB/food-cupboard/jams-spreads-syrups?origin=dropdown&amp;c1=groceries&amp;c2=food-cupboard&amp;c3=jams-spreads-syrups&amp;clickedon=jams-spreads-syrups"
                                          >Jams, Spreads &amp; Syrups</a
                                        >
                                        <div
                                          class="dropdown-menu mb-submenulist last-nested-list"
                                        >
                                          <div class="row no-gutters">
                                            <div
                                              class="col-innermost-menu py-lg-4"
                                            >
                                              <ul class="list-unstyled pb-lg-2">
                                                <li
                                                  class="mb-0 mb-submenu level4Menu"
                                                >
                                                  <a
                                                    class="dropdown-item"
                                                    href="https://groceries.aldi.co.uk/en-GB/food-cupboard/jams-spreads-syrups?origin=dropdown&amp;c1=groceries&amp;c2=food-cupboard&amp;c3=jams-spreads-syrups&amp;c4=shopall-jams-spreads-syrups&amp;clickedon=shopall-jams-spreads-syrups"
                                                    >SHOP ALL JAMS, SPREADS
                                                    &amp; SYRUPS</a
                                                  >
                                                </li>
                                                <li
                                                  class="mb-0 mb-submenu level4Menu"
                                                >
                                                  <a
                                                    class="dropdown-item"
                                                    href="/en-GB/food-cupboard/jams-spreads-syrups/jams-marmalades?origin=dropdown&amp;c1=groceries&amp;c2=food-cupboard&amp;c3=jams-spreads-syrups&amp;c4=jams-marmalades&amp;clickedon=jams-marmalades"
                                                    >Jams &amp; Marmalades</a
                                                  >
                                                </li>
                                                <li
                                                  class="mb-0 mb-submenu level4Menu"
                                                >
                                                  <a
                                                    class="dropdown-item"
                                                    href="/en-GB/food-cupboard/jams-spreads-syrups/honey?origin=dropdown&amp;c1=groceries&amp;c2=food-cupboard&amp;c3=jams-spreads-syrups&amp;c4=honey&amp;clickedon=honey"
                                                    >Honey</a
                                                  >
                                                </li>
                                                <li
                                                  class="mb-0 mb-submenu level4Menu"
                                                >
                                                  <a
                                                    class="dropdown-item"
                                                    href="/en-GB/food-cupboard/jams-spreads-syrups/nut-butters?origin=dropdown&amp;c1=groceries&amp;c2=food-cupboard&amp;c3=jams-spreads-syrups&amp;c4=nut-butters&amp;clickedon=nut-butters"
                                                    >Nut Butters</a
                                                  >
                                                </li>
                                                <li
                                                  class="mb-0 mb-submenu level4Menu"
                                                >
                                                  <a
                                                    class="dropdown-item"
                                                    href="/en-GB/food-cupboard/jams-spreads-syrups/chocolate-sweet-spreads?origin=dropdown&amp;c1=groceries&amp;c2=food-cupboard&amp;c3=jams-spreads-syrups&amp;c4=chocolate-sweet-spreads&amp;clickedon=chocolate-sweet-spreads"
                                                    >Chocolate &amp; Sweet
                                                    Spreads</a
                                                  >
                                                </li>
                                                <li
                                                  class="mb-0 mb-submenu level4Menu"
                                                >
                                                  <a
                                                    class="dropdown-item"
                                                    href="/en-GB/food-cupboard/jams-spreads-syrups/syruptoppings?origin=dropdown&amp;c1=groceries&amp;c2=food-cupboard&amp;c3=jams-spreads-syrups&amp;c4=syruptoppings&amp;clickedon=syruptoppings"
                                                    >Syrup &amp; Toppings</a
                                                  >
                                                </li>
                                                <li
                                                  class="mb-0 mb-submenu level4Menu"
                                                >
                                                  <a
                                                    class="dropdown-item"
                                                    href="/en-GB/food-cupboard/jams-spreads-syrups/savoury-spreads?origin=dropdown&amp;c1=groceries&amp;c2=food-cupboard&amp;c3=jams-spreads-syrups&amp;c4=savoury-spreads&amp;clickedon=savoury-spreads"
                                                    >Savoury Spreads</a
                                                  >
                                                </li>
                                              </ul>
                                            </div>
                                          </div>
                                        </div>
                                      </li>
                                      <li
                                        class="submenu mb-0 mb-submenu level3Menu"
                                      >
                                        <a
                                          class="dropdown-item"
                                          href="/en-GB/specially-selected/specially-selected-food-cupboard?origin=dropdown&amp;c1=groceries&amp;c2=food-cupboard&amp;c3=specially-selected-food-cupboard&amp;clickedon=specially-selected-food-cupboard"
                                          >Specially Selected Food Cupboard</a
                                        >
                                      </li>
                                    </ul>
                                  </div>
                                </div>
                              </div>
                            </li>
                            <li
                              class="dropdown-submenu mb-0 mb-submenu level2Menu"
                            >
                              <a
                                class="dropdown-item d-none d-lg-block"
                                href="/en-GB/frozen?origin=dropdown&amp;c1=groceries&amp;c2=frozen-food&amp;clickedon=frozen-food"
                                target="_self"
                                style=""
                                aria-haspopup="true"
                              >
                                Frozen Food
                              </a>
                              <a
                                class="dropdown-item d-block d-lg-none"
                                href="/en-GB/frozen?origin=dropdown&amp;c1=groceries&amp;c2=frozen-food&amp;clickedon=frozen-food"
                                role="button"
                                target="_self"
                                style=""
                                aria-haspopup="true"
                              >
                                Frozen Food
                              </a>
                              <div
                                class="dropdown-menu mb-submenulist second-nested-list"
                              >
                                <div class="row no-gutters">
                                  <div class="col-submenu border-right py-lg-4">
                                    <ul id="level3" class="list-unstyled">
                                      <li
                                        class="submenu mb-0 mb-submenu level3Menu"
                                      >
                                        <a
                                          class="dropdown-item"
                                          href="/en-GB/frozen?origin=dropdown&amp;c1=groceries&amp;c2=frozen-food&amp;c3=shopall-frozen-food&amp;clickedon=shopall-frozen-food"
                                          >SHOP ALL FROZEN FOOD</a
                                        >
                                      </li>
                                      <li
                                        class="dropdown-submenu mb-0 mb-submenu level3Menu"
                                      >
                                        <a
                                          style=""
                                          aria-haspopup="true"
                                          class="dropdown-item d-none d-lg-block"
                                          href="/en-GB/frozen/frozen-fish-seafood?origin=dropdown&amp;c1=groceries&amp;c2=frozen-food&amp;c3=frozen-fish-seafood&amp;clickedon=frozen-fish-seafood"
                                          >Frozen Fish &amp; Seafood</a
                                        >
                                        <a
                                          role="button"
                                          style=""
                                          aria-haspopup="true"
                                          class="dropdown-item d-block d-lg-none"
                                          href="/en-GB/frozen/frozen-fish-seafood?origin=dropdown&amp;c1=groceries&amp;c2=frozen-food&amp;c3=frozen-fish-seafood&amp;clickedon=frozen-fish-seafood"
                                          >Frozen Fish &amp; Seafood</a
                                        >
                                        <div
                                          class="dropdown-menu mb-submenulist last-nested-list"
                                        >
                                          <div class="row no-gutters">
                                            <div
                                              class="col-innermost-menu py-lg-4"
                                            >
                                              <ul class="list-unstyled pb-lg-2">
                                                <li
                                                  class="mb-0 mb-submenu level4Menu"
                                                >
                                                  <a
                                                    class="dropdown-item"
                                                    href="/en-GB/frozen/frozen-fish-seafood?origin=dropdown&amp;c1=groceries&amp;c2=frozen-food&amp;c3=frozen-fish-seafood&amp;c4=shopall-fish-seafood&amp;clickedon=shopall-fish-seafood"
                                                    >SHOP ALL FISH &amp;
                                                    SEAFOOD</a
                                                  >
                                                </li>
                                                <li
                                                  class="mb-0 mb-submenu level4Menu"
                                                >
                                                  <a
                                                    class="dropdown-item"
                                                    href="/en-GB/frozen/frozen-fish-seafood/breaded-battered-fish?origin=dropdown&amp;c1=groceries&amp;c2=frozen-food&amp;c3=frozen-fish-seafood&amp;c4=breaded-battered-fish&amp;clickedon=breaded-battered-fish"
                                                    >Breaded &amp; Battered
                                                    Fish</a
                                                  >
                                                </li>
                                                <li
                                                  class="mb-0 mb-submenu level4Menu"
                                                >
                                                  <a
                                                    class="dropdown-item"
                                                    href="/en-GB/frozen/frozen-fish-seafood/fish-fillets?origin=dropdown&amp;c1=groceries&amp;c2=frozen-food&amp;c3=frozen-fish-seafood&amp;c4=fish-fillets&amp;clickedon=fish-fillets"
                                                    >Fish Fillets</a
                                                  >
                                                </li>
                                                <li
                                                  class="mb-0 mb-submenu level4Menu"
                                                >
                                                  <a
                                                    class="dropdown-item"
                                                    href="/en-GB/frozen/frozen-fish-seafood/prawns-seafood?origin=dropdown&amp;c1=groceries&amp;c2=frozen-food&amp;c3=frozen-fish-seafood&amp;c4=prawns-seafood&amp;clickedon=prawns-seafood"
                                                    >Prawns &amp; Seafood</a
                                                  >
                                                </li>
                                              </ul>
                                            </div>
                                          </div>
                                        </div>
                                      </li>
                                      <li
                                        class="submenu mb-0 mb-submenu level3Menu"
                                      >
                                        <a
                                          class="dropdown-item"
                                          href="/en-GB/frozen/frozen-chips-potato?origin=dropdown&amp;c1=groceries&amp;c2=frozen-food&amp;c3=frozen-chips-potato&amp;clickedon=frozen-chips-potato"
                                          >Frozen Chips &amp; Potato</a
                                        >
                                      </li>
                                      <li
                                        class="submenu mb-0 mb-submenu level3Menu"
                                      >
                                        <a
                                          class="dropdown-item"
                                          href="/en-GB/frozen/frozen-meat-poultry?origin=dropdown&amp;c1=groceries&amp;c2=frozen-food&amp;c3=frozen-meat-poultry&amp;clickedon=frozen-meat-poultry"
                                          >Frozen Meat &amp; Poultry</a
                                        >
                                      </li>
                                      <li
                                        class="submenu mb-0 mb-submenu level3Menu"
                                      >
                                        <a
                                          class="dropdown-item"
                                          href="/en-GB/frozen/frozen-fruit-smoothie-mixes?origin=dropdown&amp;c1=groceries&amp;c2=frozen-food&amp;c3=frozen-fruit-smoothie-mixes&amp;clickedon=frozen-fruit-smoothie-mixes"
                                          >Frozen Fruit &amp; Smoothie Mixes</a
                                        >
                                      </li>
                                      <li
                                        class="submenu mb-0 mb-submenu level3Menu"
                                      >
                                        <a
                                          class="dropdown-item"
                                          href="/en-GB/frozen/frozen-vegetables?origin=dropdown&amp;c1=groceries&amp;c2=frozen-food&amp;c3=frozen-vegetables-sides&amp;clickedon=frozen-vegetables-sides"
                                          >Frozen Vegetables &amp; Sides</a
                                        >
                                      </li>
                                      <li
                                        class="dropdown-submenu mb-0 mb-submenu level3Menu"
                                      >
                                        <a
                                          style=""
                                          aria-haspopup="true"
                                          class="dropdown-item d-none d-lg-block"
                                          href="/en-GB/frozen/frozen-ready-meals-party-food?origin=dropdown&amp;c1=groceries&amp;c2=frozen-food&amp;c3=frozen-ready-meals-party-food&amp;clickedon=frozen-ready-meals-party-food"
                                          >Frozen Ready Meals &amp; Party
                                          Food</a
                                        >
                                        <a
                                          role="button"
                                          style=""
                                          aria-haspopup="true"
                                          class="dropdown-item d-block d-lg-none"
                                          href="/en-GB/frozen/frozen-ready-meals-party-food?origin=dropdown&amp;c1=groceries&amp;c2=frozen-food&amp;c3=frozen-ready-meals-party-food&amp;clickedon=frozen-ready-meals-party-food"
                                          >Frozen Ready Meals &amp; Party
                                          Food</a
                                        >
                                        <div
                                          class="dropdown-menu mb-submenulist last-nested-list"
                                        >
                                          <div class="row no-gutters">
                                            <div
                                              class="col-innermost-menu py-lg-4"
                                            >
                                              <ul class="list-unstyled pb-lg-2">
                                                <li
                                                  class="mb-0 mb-submenu level4Menu"
                                                >
                                                  <a
                                                    class="dropdown-item"
                                                    href="/en-GB/frozen/frozen-ready-meals-party-food?origin=dropdown&amp;c1=groceries&amp;c2=frozen-food&amp;c3=frozen-ready-meals-party-food&amp;c4=shopall-frozen-ready-meals-party-food&amp;clickedon=shopall-frozen-ready-meals-party-food"
                                                    >SHOP ALL FROZEN READY MEALS
                                                    &amp; PARTY FOOD</a
                                                  >
                                                </li>
                                                <li
                                                  class="mb-0 mb-submenu level4Menu"
                                                >
                                                  <a
                                                    class="dropdown-item"
                                                    href="/en-GB/frozen/frozen-ready-meals-party-food/ready-meals?origin=dropdown&amp;c1=groceries&amp;c2=frozen-food&amp;c3=frozen-ready-meals-party-food&amp;c4=ready-meals&amp;clickedon=ready-meals"
                                                    >Ready Meals</a
                                                  >
                                                </li>
                                                <li
                                                  class="mb-0 mb-submenu level4Menu"
                                                >
                                                  <a
                                                    class="dropdown-item"
                                                    href="/en-GB/frozen/frozen-ready-meals-party-food/party-food-snacks-pies?origin=dropdown&amp;c1=groceries&amp;c2=frozen-food&amp;c3=frozen-ready-meals-party-food&amp;c4=party-food-snacks-pies&amp;clickedon=party-food-snacks-pies"
                                                    >Party Food, Snacks &amp;
                                                    Pies</a
                                                  >
                                                </li>
                                              </ul>
                                            </div>
                                          </div>
                                        </div>
                                      </li>
                                      <li
                                        class="dropdown-submenu mb-0 mb-submenu level3Menu"
                                      >
                                        <a
                                          style=""
                                          aria-haspopup="true"
                                          class="dropdown-item d-none d-lg-block"
                                          href="/en-GB/frozen/frozen-pizzas-garlic-bread?origin=dropdown&amp;c1=groceries&amp;c2=frozen-food&amp;c3=frozen-pizzas-garlic-bread&amp;clickedon=frozen-pizzas-garlic-bread"
                                          >Frozen Pizzas &amp; Garlic Bread</a
                                        >
                                        <a
                                          role="button"
                                          style=""
                                          aria-haspopup="true"
                                          class="dropdown-item d-block d-lg-none"
                                          href="/en-GB/frozen/frozen-pizzas-garlic-bread?origin=dropdown&amp;c1=groceries&amp;c2=frozen-food&amp;c3=frozen-pizzas-garlic-bread&amp;clickedon=frozen-pizzas-garlic-bread"
                                          >Frozen Pizzas &amp; Garlic Bread</a
                                        >
                                        <div
                                          class="dropdown-menu mb-submenulist last-nested-list"
                                        >
                                          <div class="row no-gutters">
                                            <div
                                              class="col-innermost-menu py-lg-4"
                                            >
                                              <ul class="list-unstyled pb-lg-2">
                                                <li
                                                  class="mb-0 mb-submenu level4Menu"
                                                >
                                                  <a
                                                    class="dropdown-item"
                                                    href="/en-GB/frozen/frozen-pizzas-garlic-bread?origin=dropdown&amp;c1=groceries&amp;c2=frozen-food&amp;c3=frozen-pizzas-garlic-bread&amp;c4=shopall-pizzas-garlic-bread&amp;clickedon=shopall-pizzas-garlic-bread"
                                                    >SHOP ALL PIZZAS &amp;
                                                    GARLIC BREAD</a
                                                  >
                                                </li>
                                                <li
                                                  class="mb-0 mb-submenu level4Menu"
                                                >
                                                  <a
                                                    class="dropdown-item"
                                                    href="/en-GB/frozen/frozen-pizzas-garlic-bread/pizzas?origin=dropdown&amp;c1=groceries&amp;c2=frozen-food&amp;c3=frozen-pizzas-garlic-bread&amp;c4=pizzas&amp;clickedon=pizzas"
                                                    >Pizzas</a
                                                  >
                                                </li>
                                                <li
                                                  class="mb-0 mb-submenu level4Menu"
                                                >
                                                  <a
                                                    class="dropdown-item"
                                                    href="/en-GB/frozen/frozen-pizzas-garlic-bread/garlic-bread?origin=dropdown&amp;c1=groceries&amp;c2=frozen-food&amp;c3=frozen-pizzas-garlic-bread&amp;c4=garlic-bread&amp;clickedon=garlic-bread"
                                                    >Garlic Bread</a
                                                  >
                                                </li>
                                              </ul>
                                            </div>
                                          </div>
                                        </div>
                                      </li>
                                      <li
                                        class="dropdown-submenu mb-0 mb-submenu level3Menu"
                                      >
                                        <a
                                          style=""
                                          aria-haspopup="true"
                                          class="dropdown-item d-none d-lg-block"
                                          href="/en-GB/frozen/ice-cream-desserts?origin=dropdown&amp;c1=groceries&amp;c2=frozen-food&amp;c3=ice-cream-desserts&amp;clickedon=ice-cream-desserts"
                                          >Ice Cream &amp; Desserts</a
                                        >
                                        <a
                                          role="button"
                                          style=""
                                          aria-haspopup="true"
                                          class="dropdown-item d-block d-lg-none"
                                          href="/en-GB/frozen/ice-cream-desserts?origin=dropdown&amp;c1=groceries&amp;c2=frozen-food&amp;c3=ice-cream-desserts&amp;clickedon=ice-cream-desserts"
                                          >Ice Cream &amp; Desserts</a
                                        >
                                        <div
                                          class="dropdown-menu mb-submenulist last-nested-list"
                                        >
                                          <div class="row no-gutters">
                                            <div
                                              class="col-innermost-menu py-lg-4"
                                            >
                                              <ul class="list-unstyled pb-lg-2">
                                                <li
                                                  class="mb-0 mb-submenu level4Menu"
                                                >
                                                  <a
                                                    class="dropdown-item"
                                                    href="/en-GB/frozen/ice-cream-desserts?origin=dropdown&amp;c1=groceries&amp;c2=frozen-food&amp;c3=ice-cream-desserts&amp;c4=shopall-ice-cream-desserts&amp;clickedon=shopall-ice-cream-desserts"
                                                    >SHOP ALL ICE CREAM &amp;
                                                    DESSERTS</a
                                                  >
                                                </li>
                                                <li
                                                  class="mb-0 mb-submenu level4Menu"
                                                >
                                                  <a
                                                    class="dropdown-item"
                                                    href="/en-GB/frozen/ice-cream-desserts/ice-lollies?origin=dropdown&amp;c1=groceries&amp;c2=frozen-food&amp;c3=ice-cream-desserts&amp;c4=ice-lollies&amp;clickedon=ice-lollies"
                                                    >Ice Lollies</a
                                                  >
                                                </li>
                                                <li
                                                  class="mb-0 mb-submenu level4Menu"
                                                >
                                                  <a
                                                    class="dropdown-item"
                                                    href="/en-GB/frozen/ice-cream-desserts/ice-cream-tubs?origin=dropdown&amp;c1=groceries&amp;c2=frozen-food&amp;c3=ice-cream-desserts&amp;c4=ice-cream-tubs&amp;clickedon=ice-cream-tubs"
                                                    >Ice Cream Tubs</a
                                                  >
                                                </li>
                                                <li
                                                  class="mb-0 mb-submenu level4Menu"
                                                >
                                                  <a
                                                    class="dropdown-item"
                                                    href="/en-GB/frozen/ice-cream-desserts/ice-cubes?origin=dropdown&amp;c1=groceries&amp;c2=frozen-food&amp;c3=ice-cream-desserts&amp;c4=ice-cubes&amp;clickedon=ice-cubes"
                                                    >Ice Cubes</a
                                                  >
                                                </li>
                                                <li
                                                  class="mb-0 mb-submenu level4Menu"
                                                >
                                                  <a
                                                    class="dropdown-item"
                                                    href="/en-GB/frozen/ice-cream-desserts/desserts?origin=dropdown&amp;c1=groceries&amp;c2=frozen-food&amp;c3=ice-cream-desserts&amp;c4=desserts&amp;clickedon=desserts"
                                                    >Desserts</a
                                                  >
                                                </li>
                                              </ul>
                                            </div>
                                          </div>
                                        </div>
                                      </li>
                                      <li
                                        class="submenu mb-0 mb-submenu level3Menu"
                                      >
                                        <a
                                          class="dropdown-item"
                                          href="/en-GB/frozen/frozen-vegetarian-food?origin=dropdown&amp;c1=groceries&amp;c2=frozen-food&amp;c3=frozen-vegetarian-food&amp;clickedon=frozen-vegetarian-food"
                                          >Frozen Vegetarian Food</a
                                        >
                                      </li>
                                      <li
                                        class="submenu mb-0 mb-submenu level3Menu"
                                      >
                                        <a
                                          class="dropdown-item"
                                          href="/en-GB/specially-selected/specially-selected-frozen-food?origin=dropdown&amp;c1=groceries&amp;c2=frozen-food&amp;c3=specially-selected-frozen-food&amp;clickedon=specially-selected-frozen-food"
                                          >Specially Selected Frozen Food</a
                                        >
                                      </li>
                                    </ul>
                                  </div>
                                </div>
                              </div>
                            </li>
                            <li
                              class="dropdown-submenu mb-0 mb-submenu level2Menu"
                            >
                              <a
                                class="dropdown-item d-none d-lg-block"
                                href="/en-GB/chilled-food?origin=dropdown&amp;c1=groceries&amp;c2=chilled-food&amp;clickedon=chilled-food"
                                target="_self"
                                style=""
                                aria-haspopup="true"
                              >
                                Chilled Food
                              </a>
                              <a
                                class="dropdown-item d-block d-lg-none"
                                href="/en-GB/chilled-food?origin=dropdown&amp;c1=groceries&amp;c2=chilled-food&amp;clickedon=chilled-food"
                                role="button"
                                target="_self"
                                style=""
                                aria-haspopup="true"
                              >
                                Chilled Food
                              </a>
                              <div
                                class="dropdown-menu mb-submenulist second-nested-list"
                              >
                                <div class="row no-gutters">
                                  <div class="col-submenu border-right py-lg-4">
                                    <ul id="level3" class="list-unstyled">
                                      <li
                                        class="submenu mb-0 mb-submenu level3Menu"
                                      >
                                        <a
                                          class="dropdown-item"
                                          href="/en-GB/chilled-food?origin=dropdown&amp;c1=groceries&amp;c2=chilled-food&amp;c3=shopall-chilled-food&amp;clickedon=shopall-chilled-food"
                                          >SHOP ALL CHILLED FOOD</a
                                        >
                                      </li>
                                      <li
                                        class="dropdown-submenu mb-0 mb-submenu level3Menu"
                                      >
                                        <a
                                          style=""
                                          aria-haspopup="true"
                                          class="dropdown-item d-none d-lg-block"
                                          href="/en-GB/chilled-food/milk-dairy-eggs?origin=dropdown&amp;c1=groceries&amp;c2=chilled-food&amp;c3=milk-dairy-eggs&amp;clickedon=milk-dairy-eggs"
                                          >Milk, Dairy &amp; Eggs</a
                                        >
                                        <a
                                          role="button"
                                          style=""
                                          aria-haspopup="true"
                                          class="dropdown-item d-block d-lg-none"
                                          href="/en-GB/chilled-food/milk-dairy-eggs?origin=dropdown&amp;c1=groceries&amp;c2=chilled-food&amp;c3=milk-dairy-eggs&amp;clickedon=milk-dairy-eggs"
                                          >Milk, Dairy &amp; Eggs</a
                                        >
                                        <div
                                          class="dropdown-menu mb-submenulist last-nested-list"
                                        >
                                          <div class="row no-gutters">
                                            <div
                                              class="col-innermost-menu py-lg-4"
                                            >
                                              <ul class="list-unstyled pb-lg-2">
                                                <li
                                                  class="mb-0 mb-submenu level4Menu"
                                                >
                                                  <a
                                                    class="dropdown-item"
                                                    href="/en-GB/chilled-food/milk-dairy-eggs?origin=dropdown&amp;c1=groceries&amp;c2=chilled-food&amp;c3=milk-dairy-eggs&amp;c4=shopall-milk-dairy-eggs&amp;clickedon=shopall-milk-dairy-eggs"
                                                    >SHOP ALL MILK, DAIRY &amp;
                                                    EGGS</a
                                                  >
                                                </li>
                                                <li
                                                  class="mb-0 mb-submenu level4Menu"
                                                >
                                                  <a
                                                    class="dropdown-item"
                                                    href="/en-GB/chilled-food/milk-dairy-eggs/fresh-eggs?origin=dropdown&amp;c1=groceries&amp;c2=chilled-food&amp;c3=milk-dairy-eggs&amp;c4=fresh-eggs&amp;clickedon=fresh-eggs"
                                                    >Fresh Eggs</a
                                                  >
                                                </li>
                                                <li
                                                  class="mb-0 mb-submenu level4Menu"
                                                >
                                                  <a
                                                    class="dropdown-item"
                                                    href="/en-GB/chilled-food/milk-dairy-eggs/milk?origin=dropdown&amp;c1=groceries&amp;c2=chilled-food&amp;c3=milk-dairy-eggs&amp;c4=milk&amp;clickedon=milk"
                                                    >Milk</a
                                                  >
                                                </li>
                                                <li
                                                  class="mb-0 mb-submenu level4Menu"
                                                >
                                                  <a
                                                    class="dropdown-item"
                                                    href="/en-GB/chilled-food/milk-dairy-eggs/butter-spreads?origin=dropdown&amp;c1=groceries&amp;c2=chilled-food&amp;c3=milk-dairy-eggs&amp;c4=butter-spreads&amp;clickedon=butter-spreads"
                                                    >Butter &amp; Spreads</a
                                                  >
                                                </li>
                                                <li
                                                  class="mb-0 mb-submenu level4Menu"
                                                >
                                                  <a
                                                    class="dropdown-item"
                                                    href="/en-GB/chilled-food/milk-dairy-eggs/cream?origin=dropdown&amp;c1=groceries&amp;c2=chilled-food&amp;c3=milk-dairy-eggs&amp;c4=cream&amp;clickedon=cream"
                                                    >Cream</a
                                                  >
                                                </li>
                                                <li
                                                  class="mb-0 mb-submenu level4Menu"
                                                >
                                                  <a
                                                    class="dropdown-item"
                                                    href="/en-GB/chilled-food/milk-dairy-eggs/long-life-milk?origin=dropdown&amp;c1=groceries&amp;c2=chilled-food&amp;c3=milk-dairy-eggs&amp;c4=long-life-milk&amp;clickedon=long-life-milk"
                                                    >Long Life Milk</a
                                                  >
                                                </li>
                                                <li
                                                  class="mb-0 mb-submenu level4Menu"
                                                >
                                                  <a
                                                    class="dropdown-item"
                                                    href="/en-GB/chilled-food/milk-dairy-eggs/milk-drinks?origin=dropdown&amp;c1=groceries&amp;c2=chilled-food&amp;c3=milk-dairy-eggs&amp;c4=milk-drinks&amp;clickedon=milk-drinks"
                                                    >Milk Drinks</a
                                                  >
                                                </li>
                                                <li
                                                  class="mb-0 mb-submenu level4Menu"
                                                >
                                                  <a
                                                    class="dropdown-item"
                                                    href="/en-GB/chilled-food/milk-dairy-eggs/milk-alternatives?origin=dropdown&amp;c1=groceries&amp;c2=chilled-food&amp;c3=milk-dairy-eggs&amp;c4=milk-alternatives&amp;clickedon=milk-alternatives"
                                                    >Milk Alternatives</a
                                                  >
                                                </li>
                                                <li
                                                  class="mb-0 mb-submenu level4Menu"
                                                >
                                                  <a
                                                    class="dropdown-item"
                                                    href="/en-GB/chilled-food/milk-dairy-eggs/squirty-cream?origin=dropdown&amp;c1=groceries&amp;c2=chilled-food&amp;c3=milk-dairy-eggs&amp;c4=squirty-cream&amp;clickedon=squirty-cream"
                                                    >Squirty Cream</a
                                                  >
                                                </li>
                                              </ul>
                                            </div>
                                          </div>
                                        </div>
                                      </li>
                                      <li
                                        class="dropdown-submenu mb-0 mb-submenu level3Menu"
                                      >
                                        <a
                                          style=""
                                          aria-haspopup="true"
                                          class="dropdown-item d-none d-lg-block"
                                          href="/en-GB/chilled-food/chilled-meats?origin=dropdown&amp;c1=groceries&amp;c2=chilled-food&amp;c3=chilled-meats&amp;clickedon=chilled-meats"
                                          >Chilled Meats</a
                                        >
                                        <a
                                          role="button"
                                          style=""
                                          aria-haspopup="true"
                                          class="dropdown-item d-block d-lg-none"
                                          href="/en-GB/chilled-food/chilled-meats?origin=dropdown&amp;c1=groceries&amp;c2=chilled-food&amp;c3=chilled-meats&amp;clickedon=chilled-meats"
                                          >Chilled Meats</a
                                        >
                                        <div
                                          class="dropdown-menu mb-submenulist last-nested-list"
                                        >
                                          <div class="row no-gutters">
                                            <div
                                              class="col-innermost-menu py-lg-4"
                                            >
                                              <ul class="list-unstyled pb-lg-2">
                                                <li
                                                  class="mb-0 mb-submenu level4Menu"
                                                >
                                                  <a
                                                    class="dropdown-item"
                                                    href="/en-GB/chilled-food/chilled-meats?origin=dropdown&amp;c1=groceries&amp;c2=chilled-food&amp;c3=chilled-meats&amp;c4=shopall-chilled-meats&amp;clickedon=shopall-chilled-meats"
                                                    >SHOP ALL CHILLED MEATS</a
                                                  >
                                                </li>
                                                <li
                                                  class="mb-0 mb-submenu level4Menu"
                                                >
                                                  <a
                                                    class="dropdown-item"
                                                    href="/en-GB/chilled-food/chilled-meats/cooked-sliced-meats?origin=dropdown&amp;c1=groceries&amp;c2=chilled-food&amp;c3=chilled-meats&amp;c4=cooked-sliced-meats&amp;clickedon=cooked-sliced-meats"
                                                    >Cooked Sliced Meats</a
                                                  >
                                                </li>
                                                <li
                                                  class="mb-0 mb-submenu level4Menu"
                                                >
                                                  <a
                                                    class="dropdown-item"
                                                    href="/en-GB/chilled-food/chilled-meats/continental-meats?origin=dropdown&amp;c1=groceries&amp;c2=chilled-food&amp;c3=chilled-meats&amp;c4=continental-meat&amp;clickedon=continental-meat"
                                                    >Continental Meat</a
                                                  >
                                                </li>
                                                <li
                                                  class="mb-0 mb-submenu level4Menu"
                                                >
                                                  <a
                                                    class="dropdown-item"
                                                    href="/en-GB/chilled-food/chilled-meats/ready-to-eat-chicken?origin=dropdown&amp;c1=groceries&amp;c2=chilled-food&amp;c3=chilled-meats&amp;c4=ready-to-eat-chicken&amp;clickedon=ready-to-eat-chicken"
                                                    >Ready to Eat Chicken</a
                                                  >
                                                </li>
                                                <li
                                                  class="mb-0 mb-submenu level4Menu"
                                                >
                                                  <a
                                                    class="dropdown-item"
                                                    href="/en-GB/chilled-food/chilled-meats/pate?origin=dropdown&amp;c1=groceries&amp;c2=chilled-food&amp;c3=chilled-meats&amp;c4=pate&amp;clickedon=pate"
                                                    >Pate</a
                                                  >
                                                </li>
                                                <li
                                                  class="mb-0 mb-submenu level4Menu"
                                                >
                                                  <a
                                                    class="dropdown-item"
                                                    href="/en-GB/chilled-food/chilled-meats/meat-snacks?origin=dropdown&amp;c1=groceries&amp;c2=chilled-food&amp;c3=chilled-meats&amp;c4=meat-snacks&amp;clickedon=meat-snacks"
                                                    >Meat Snacks</a
                                                  >
                                                </li>
                                                <li
                                                  class="mb-0 mb-submenu level4Menu"
                                                >
                                                  <a
                                                    class="dropdown-item"
                                                    href="/en-GB/chilled-food/chilled-meats/meat-substitutes?origin=dropdown&amp;c1=groceries&amp;c2=chilled-food&amp;c3=chilled-meats&amp;c4=meat-substitutes&amp;clickedon=meat-substitutes"
                                                    >Meat Substitutes</a
                                                  >
                                                </li>
                                              </ul>
                                            </div>
                                          </div>
                                        </div>
                                      </li>
                                      <li
                                        class="dropdown-submenu mb-0 mb-submenu level3Menu"
                                      >
                                        <a
                                          style=""
                                          aria-haspopup="true"
                                          class="dropdown-item d-none d-lg-block"
                                          href="/en-GB/chilled-food/cheese?origin=dropdown&amp;c1=groceries&amp;c2=chilled-food&amp;c3=cheese&amp;clickedon=cheese"
                                          >Cheese</a
                                        >
                                        <a
                                          role="button"
                                          style=""
                                          aria-haspopup="true"
                                          class="dropdown-item d-block d-lg-none"
                                          href="/en-GB/chilled-food/cheese?origin=dropdown&amp;c1=groceries&amp;c2=chilled-food&amp;c3=cheese&amp;clickedon=cheese"
                                          >Cheese</a
                                        >
                                        <div
                                          class="dropdown-menu mb-submenulist last-nested-list"
                                        >
                                          <div class="row no-gutters">
                                            <div
                                              class="col-innermost-menu py-lg-4"
                                            >
                                              <ul class="list-unstyled pb-lg-2">
                                                <li
                                                  class="mb-0 mb-submenu level4Menu"
                                                >
                                                  <a
                                                    class="dropdown-item"
                                                    href="/en-GB/chilled-food/cheese?origin=dropdown&amp;c1=groceries&amp;c2=chilled-food&amp;c3=cheese&amp;c4=shopall-cheese&amp;clickedon=shopall-cheese"
                                                    >SHOP ALL CHEESE</a
                                                  >
                                                </li>
                                                <li
                                                  class="mb-0 mb-submenu level4Menu"
                                                >
                                                  <a
                                                    class="dropdown-item"
                                                    href="/en-GB/chilled-food/cheese/speciality-continental-cheese?origin=dropdown&amp;c1=groceries&amp;c2=chilled-food&amp;c3=cheese&amp;c4=speciality-continental-cheese&amp;clickedon=speciality-continental-cheese"
                                                    >Speciality &amp;
                                                    Continental Cheese</a
                                                  >
                                                </li>
                                                <li
                                                  class="mb-0 mb-submenu level4Menu"
                                                >
                                                  <a
                                                    class="dropdown-item"
                                                    href="/en-GB/chilled-food/cheese/hard-cheese?origin=dropdown&amp;c1=groceries&amp;c2=chilled-food&amp;c3=cheese&amp;c4=hard-cheese&amp;clickedon=hard-cheese"
                                                    >Hard Cheese</a
                                                  >
                                                </li>
                                                <li
                                                  class="mb-0 mb-submenu level4Menu"
                                                >
                                                  <a
                                                    class="dropdown-item"
                                                    href="/en-GB/chilled-food/cheese/cheddar-british-regional-cheese?origin=dropdown&amp;c1=groceries&amp;c2=chilled-food&amp;c3=cheese&amp;c4=cheddar-british-regional-cheese&amp;clickedon=cheddar-british-regional-cheese"
                                                    >Cheddar &amp; British
                                                    Regional Cheese</a
                                                  >
                                                </li>
                                                <li
                                                  class="mb-0 mb-submenu level4Menu"
                                                >
                                                  <a
                                                    class="dropdown-item"
                                                    href="/en-GB/chilled-food/cheese/sliced-cheese?origin=dropdown&amp;c1=groceries&amp;c2=chilled-food&amp;c3=cheese&amp;c4=sliced-cheese&amp;clickedon=sliced-cheese"
                                                    >Sliced Cheese</a
                                                  >
                                                </li>
                                                <li
                                                  class="mb-0 mb-submenu level4Menu"
                                                >
                                                  <a
                                                    class="dropdown-item"
                                                    href="/en-GB/chilled-food/cheese/soft-cheese?origin=dropdown&amp;c1=groceries&amp;c2=chilled-food&amp;c3=cheese&amp;c4=soft-cheese&amp;clickedon=soft-cheese"
                                                    >Soft Cheese</a
                                                  >
                                                </li>
                                                <li
                                                  class="mb-0 mb-submenu level4Menu"
                                                >
                                                  <a
                                                    class="dropdown-item"
                                                    href="/en-GB/chilled-food/cheese/cheese-snacks-lunchbox?origin=dropdown&amp;c1=groceries&amp;c2=chilled-food&amp;c3=cheese&amp;c4=cheese-snacks-lunchbox&amp;clickedon=cheese-snacks-lunchbox"
                                                    >Cheese Snacks &amp;
                                                    Lunchbox</a
                                                  >
                                                </li>
                                                <li
                                                  class="mb-0 mb-submenu level4Menu"
                                                >
                                                  <a
                                                    class="dropdown-item"
                                                    href="/en-GB/chilled-food/cheese/grated-cheese?origin=dropdown&amp;c1=groceries&amp;c2=chilled-food&amp;c3=cheese&amp;c4=grated-cheese&amp;clickedon=grated-cheese"
                                                    >Grated Cheese</a
                                                  >
                                                </li>
                                                <li
                                                  class="mb-0 mb-submenu level4Menu"
                                                >
                                                  <a
                                                    class="dropdown-item"
                                                    href="/en-GB/chilled-food/cheese/processed-cheese?origin=dropdown&amp;c1=groceries&amp;c2=chilled-food&amp;c3=cheese&amp;c4=processed-cheese&amp;clickedon=processed-cheese"
                                                    >Processed Cheese</a
                                                  >
                                                </li>
                                              </ul>
                                            </div>
                                          </div>
                                        </div>
                                      </li>
                                      <li
                                        class="dropdown-submenu mb-0 mb-submenu level3Menu"
                                      >
                                        <a
                                          style=""
                                          aria-haspopup="true"
                                          class="dropdown-item d-none d-lg-block"
                                          href="/en-GB/chilled-food/yogurts?origin=dropdown&amp;c1=groceries&amp;c2=chilled-food&amp;c3=yogurts&amp;clickedon=yogurts"
                                          >Yogurts</a
                                        >
                                        <a
                                          role="button"
                                          style=""
                                          aria-haspopup="true"
                                          class="dropdown-item d-block d-lg-none"
                                          href="/en-GB/chilled-food/yogurts?origin=dropdown&amp;c1=groceries&amp;c2=chilled-food&amp;c3=yogurts&amp;clickedon=yogurts"
                                          >Yogurts</a
                                        >
                                        <div
                                          class="dropdown-menu mb-submenulist last-nested-list"
                                        >
                                          <div class="row no-gutters">
                                            <div
                                              class="col-innermost-menu py-lg-4"
                                            >
                                              <ul class="list-unstyled pb-lg-2">
                                                <li
                                                  class="mb-0 mb-submenu level4Menu"
                                                >
                                                  <a
                                                    class="dropdown-item"
                                                    href="/en-GB/chilled-food/yogurts?origin=dropdown&amp;c1=groceries&amp;c2=chilled-food&amp;c3=yogurts&amp;c4=shopall-yogurts&amp;clickedon=shopall-yogurts"
                                                    >SHOP ALL YOGURTS</a
                                                  >
                                                </li>
                                                <li
                                                  class="mb-0 mb-submenu level4Menu"
                                                >
                                                  <a
                                                    class="dropdown-item"
                                                    href="/en-GB/chilled-food/yogurts/fruit-yogurts?origin=dropdown&amp;c1=groceries&amp;c2=chilled-food&amp;c3=yogurts&amp;c4=fruit-yogurts&amp;clickedon=fruit-yogurts"
                                                    >Fruit Yogurts</a
                                                  >
                                                </li>
                                                <li
                                                  class="mb-0 mb-submenu level4Menu"
                                                >
                                                  <a
                                                    class="dropdown-item"
                                                    href="/en-GB/chilled-food/yogurts/plain-yogurts?origin=dropdown&amp;c1=groceries&amp;c2=chilled-food&amp;c3=yogurts&amp;c4=plain-yogurts&amp;clickedon=plain-yogurts"
                                                    >Plain Yogurts</a
                                                  >
                                                </li>
                                                <li
                                                  class="mb-0 mb-submenu level4Menu"
                                                >
                                                  <a
                                                    class="dropdown-item"
                                                    href="/en-GB/chilled-food/yogurts/yogurt-alternatives?origin=dropdown&amp;c1=groceries&amp;c2=chilled-food&amp;c3=yogurts&amp;c4=yogurt-alternatives&amp;clickedon=yogurt-alternatives"
                                                    >Yogurt Alternatives</a
                                                  >
                                                </li>
                                              </ul>
                                            </div>
                                          </div>
                                        </div>
                                      </li>
                                      <li
                                        class="dropdown-submenu mb-0 mb-submenu level3Menu"
                                      >
                                        <a
                                          style=""
                                          aria-haspopup="true"
                                          class="dropdown-item d-none d-lg-block"
                                          href="/en-GB/chilled-food/pizza-pasta-pasta-sauces?origin=dropdown&amp;c1=groceries&amp;c2=chilled-food&amp;c3=pizza-pasta-pasta-sauces&amp;clickedon=pizza-pasta-pasta-sauces"
                                          >Pizza, Pasta &amp; Pasta Sauces</a
                                        >
                                        <a
                                          role="button"
                                          style=""
                                          aria-haspopup="true"
                                          class="dropdown-item d-block d-lg-none"
                                          href="/en-GB/chilled-food/pizza-pasta-pasta-sauces?origin=dropdown&amp;c1=groceries&amp;c2=chilled-food&amp;c3=pizza-pasta-pasta-sauces&amp;clickedon=pizza-pasta-pasta-sauces"
                                          >Pizza, Pasta &amp; Pasta Sauces</a
                                        >
                                        <div
                                          class="dropdown-menu mb-submenulist last-nested-list"
                                        >
                                          <div class="row no-gutters">
                                            <div
                                              class="col-innermost-menu py-lg-4"
                                            >
                                              <ul class="list-unstyled pb-lg-2">
                                                <li
                                                  class="mb-0 mb-submenu level4Menu"
                                                >
                                                  <a
                                                    class="dropdown-item"
                                                    href="/en-GB/chilled-food/pizza-pasta-pasta-sauces?origin=dropdown&amp;c1=groceries&amp;c2=chilled-food&amp;c3=pizza-pasta-pasta-sauces&amp;c4=shopall-pizza-pasta-pasta-sauces&amp;clickedon=shopall-pizza-pasta-pasta-sauces"
                                                    >SHOP ALL PIZZA, PASTA &amp;
                                                    PASTA SAUCES</a
                                                  >
                                                </li>
                                                <li
                                                  class="mb-0 mb-submenu level4Menu"
                                                >
                                                  <a
                                                    class="dropdown-item"
                                                    href="/en-GB/chilled-food/pizza-pasta-pasta-sauces/fresh-pasta-sauces?origin=dropdown&amp;c1=groceries&amp;c2=chilled-food&amp;c3=pizza-pasta-pasta-sauces&amp;c4=fresh-pasta-sauces&amp;clickedon=fresh-pasta-sauces"
                                                    >Fresh Pasta &amp; Sauces</a
                                                  >
                                                </li>
                                                <li
                                                  class="mb-0 mb-submenu level4Menu"
                                                >
                                                  <a
                                                    class="dropdown-item"
                                                    href="/en-GB/chilled-food/pizza-pasta-pasta-sauces/pizza?origin=dropdown&amp;c1=groceries&amp;c2=chilled-food&amp;c3=pizza-pasta-pasta-sauces&amp;c4=pizza&amp;clickedon=pizza"
                                                    >Pizza</a
                                                  >
                                                </li>
                                              </ul>
                                            </div>
                                          </div>
                                        </div>
                                      </li>
                                      <li
                                        class="dropdown-submenu mb-0 mb-submenu level3Menu"
                                      >
                                        <a
                                          style=""
                                          aria-haspopup="true"
                                          class="dropdown-item d-none d-lg-block"
                                          href="/en-GB/chilled-food/party-food-pies-salads-dips?origin=dropdown&amp;c1=groceries&amp;c2=chilled-food&amp;c3=party-food-pies-deli-dips&amp;clickedon=party-food-pies-deli-dips"
                                          >Party Food, Pies, Deli &amp; Dips</a
                                        >
                                        <a
                                          role="button"
                                          style=""
                                          aria-haspopup="true"
                                          class="dropdown-item d-block d-lg-none"
                                          href="/en-GB/chilled-food/party-food-pies-salads-dips?origin=dropdown&amp;c1=groceries&amp;c2=chilled-food&amp;c3=party-food-pies-deli-dips&amp;clickedon=party-food-pies-deli-dips"
                                          >Party Food, Pies, Deli &amp; Dips</a
                                        >
                                        <div
                                          class="dropdown-menu mb-submenulist last-nested-list"
                                        >
                                          <div class="row no-gutters">
                                            <div
                                              class="col-innermost-menu py-lg-4"
                                            >
                                              <ul class="list-unstyled pb-lg-2">
                                                <li
                                                  class="mb-0 mb-submenu level4Menu"
                                                >
                                                  <a
                                                    class="dropdown-item"
                                                    href="/en-GB/chilled-food/party-food-pies-salads-dips?origin=dropdown&amp;c1=groceries&amp;c2=chilled-food&amp;c3=party-food-pies-deli-dips&amp;c4=shopall-party-food-pies-salads-dips&amp;clickedon=shopall-party-food-pies-salads-dips"
                                                    >SHOP ALL PARTY FOOD, PIES,
                                                    SALADS &amp; DIPS</a
                                                  >
                                                </li>
                                                <li
                                                  class="mb-0 mb-submenu level4Menu"
                                                >
                                                  <a
                                                    class="dropdown-item"
                                                    href="/en-GB/chilled-food/party-food-pies-salads-dips/party-food?origin=dropdown&amp;c1=groceries&amp;c2=chilled-food&amp;c3=party-food-pies-deli-dips&amp;c4=party-food&amp;clickedon=party-food"
                                                    >Party Food</a
                                                  >
                                                </li>
                                                <li
                                                  class="mb-0 mb-submenu level4Menu"
                                                >
                                                  <a
                                                    class="dropdown-item"
                                                    href="/en-GB/chilled-food/party-food-pies-salads-dips/delicatessen-food?origin=dropdown&amp;c1=groceries&amp;c2=chilled-food&amp;c3=party-food-pies-deli-dips&amp;c4=delicatessen-food&amp;clickedon=delicatessen-food"
                                                    >Delicatessen Food</a
                                                  >
                                                </li>
                                                <li
                                                  class="mb-0 mb-submenu level4Menu"
                                                >
                                                  <a
                                                    class="dropdown-item"
                                                    href="/en-GB/chilled-food/party-food-pies-salads-dips/spreads-dips-dressings?origin=dropdown&amp;c1=groceries&amp;c2=chilled-food&amp;c3=party-food-pies-deli-dips&amp;c4=spreads-dips-dressings&amp;clickedon=spreads-dips-dressings"
                                                    >Spreads, Dips &amp;
                                                    Dressings</a
                                                  >
                                                </li>
                                              </ul>
                                            </div>
                                          </div>
                                        </div>
                                      </li>
                                      <li
                                        class="submenu mb-0 mb-submenu level3Menu"
                                      >
                                        <a
                                          class="dropdown-item"
                                          href="/en-GB/chilled-food/desserts?origin=dropdown&amp;c1=groceries&amp;c2=chilled-food&amp;c3=desserts&amp;clickedon=desserts"
                                          >Desserts</a
                                        >
                                      </li>
                                      <li
                                        class="submenu mb-0 mb-submenu level3Menu"
                                      >
                                        <a
                                          class="dropdown-item"
                                          href="/en-GB/chilled-food/ready-meals?origin=dropdown&amp;c1=groceries&amp;c2=chilled-food&amp;c3=ready-meals&amp;clickedon=ready-meals"
                                          >Ready Meals</a
                                        >
                                      </li>
                                      <li
                                        class="dropdown-submenu mb-0 mb-submenu level3Menu"
                                      >
                                        <a
                                          style=""
                                          aria-haspopup="true"
                                          class="dropdown-item d-none d-lg-block"
                                          href="/en-GB/chilled-food/food-to-go?origin=dropdown&amp;c1=groceries&amp;c2=chilled-food&amp;c3=food-to-go&amp;clickedon=food-to-go"
                                          >Food To Go</a
                                        >
                                        <a
                                          role="button"
                                          style=""
                                          aria-haspopup="true"
                                          class="dropdown-item d-block d-lg-none"
                                          href="/en-GB/chilled-food/food-to-go?origin=dropdown&amp;c1=groceries&amp;c2=chilled-food&amp;c3=food-to-go&amp;clickedon=food-to-go"
                                          >Food To Go</a
                                        >
                                        <div
                                          class="dropdown-menu mb-submenulist last-nested-list"
                                        >
                                          <div class="row no-gutters">
                                            <div
                                              class="col-innermost-menu py-lg-4"
                                            >
                                              <ul class="list-unstyled pb-lg-2">
                                                <li
                                                  class="mb-0 mb-submenu level4Menu"
                                                >
                                                  <a
                                                    class="dropdown-item"
                                                    href="/en-GB/chilled-food/food-to-go?origin=dropdown&amp;c1=groceries&amp;c2=chilled-food&amp;c3=food-to-go&amp;c4=shopall-food-to-go&amp;clickedon=shopall-food-to-go"
                                                    >SHOP ALL FOOD TO GO</a
                                                  >
                                                </li>
                                                <li
                                                  class="mb-0 mb-submenu level4Menu"
                                                >
                                                  <a
                                                    class="dropdown-item"
                                                    href="/en-GB/chilled-food/food-to-go/sandwiches-snacks?origin=dropdown&amp;c1=groceries&amp;c2=chilled-food&amp;c3=food-to-go&amp;c4=sandwiches-snacks&amp;clickedon=sandwiches-snacks"
                                                    >Sandwiches &amp; Snacks</a
                                                  >
                                                </li>
                                              </ul>
                                            </div>
                                          </div>
                                        </div>
                                      </li>
                                      <li
                                        class="submenu mb-0 mb-submenu level3Menu"
                                      >
                                        <a
                                          class="dropdown-item"
                                          href="/en-GB/specially-selected/specially-selected-chilled-food?origin=dropdown&amp;c1=groceries&amp;c2=chilled-food&amp;c3=specially-selected-chilled-food&amp;clickedon=specially-selected-chilled-food"
                                          >Specially Selected Chilled Food</a
                                        >
                                      </li>
                                    </ul>
                                  </div>
                                </div>
                              </div>
                            </li>
                            <li
                              class="dropdown-submenu mb-0 mb-submenu level2Menu"
                            >
                              <a
                                class="dropdown-item d-none d-lg-block"
                                href="/en-GB/baby-toddler?origin=dropdown&amp;c1=groceries&amp;c2=baby-toddler&amp;clickedon=baby-toddler"
                                target="_self"
                                style=""
                                aria-haspopup="true"
                              >
                                Baby &amp; Toddler
                              </a>
                              <a
                                class="dropdown-item d-block d-lg-none"
                                href="/en-GB/baby-toddler?origin=dropdown&amp;c1=groceries&amp;c2=baby-toddler&amp;clickedon=baby-toddler"
                                role="button"
                                target="_self"
                                style=""
                                aria-haspopup="true"
                              >
                                Baby &amp; Toddler
                              </a>
                              <div
                                class="dropdown-menu mb-submenulist second-nested-list"
                              >
                                <div class="row no-gutters">
                                  <div class="col-submenu border-right py-lg-4">
                                    <ul id="level3" class="list-unstyled">
                                      <li
                                        class="submenu mb-0 mb-submenu level3Menu"
                                      >
                                        <a
                                          class="dropdown-item"
                                          href="/en-GB/baby-toddler?origin=dropdown&amp;c1=groceries&amp;c2=baby-toddler&amp;c3=shopall-baby-toddler&amp;clickedon=shopall-baby-toddler"
                                          >SHOP ALL BABY &amp; TODDLER</a
                                        >
                                      </li>
                                      <li
                                        class="dropdown-submenu mb-0 mb-submenu level3Menu"
                                      >
                                        <a
                                          style=""
                                          aria-haspopup="true"
                                          class="dropdown-item d-none d-lg-block"
                                          href="/en-GB/baby-toddler/baby-food-drink?origin=dropdown&amp;c1=groceries&amp;c2=baby-toddler&amp;c3=baby-food-drink&amp;clickedon=baby-food-drink"
                                          >Baby Food &amp; Drink</a
                                        >
                                        <a
                                          role="button"
                                          style=""
                                          aria-haspopup="true"
                                          class="dropdown-item d-block d-lg-none"
                                          href="/en-GB/baby-toddler/baby-food-drink?origin=dropdown&amp;c1=groceries&amp;c2=baby-toddler&amp;c3=baby-food-drink&amp;clickedon=baby-food-drink"
                                          >Baby Food &amp; Drink</a
                                        >
                                        <div
                                          class="dropdown-menu mb-submenulist last-nested-list"
                                        >
                                          <div class="row no-gutters">
                                            <div
                                              class="col-innermost-menu py-lg-4"
                                            >
                                              <ul class="list-unstyled pb-lg-2">
                                                <li
                                                  class="mb-0 mb-submenu level4Menu"
                                                >
                                                  <a
                                                    class="dropdown-item"
                                                    href="/en-GB/baby-toddler/baby-food-drink?origin=dropdown&amp;c1=groceries&amp;c2=baby-toddler&amp;c3=baby-food-drink&amp;c4=shopall-baby-food-drink&amp;clickedon=shopall-baby-food-drink"
                                                    >SHOP ALL BABY FOOD &amp;
                                                    DRINK</a
                                                  >
                                                </li>
                                                <li
                                                  class="mb-0 mb-submenu level4Menu"
                                                >
                                                  <a
                                                    class="dropdown-item"
                                                    href="/en-GB/baby-toddler/baby-food-drink/pouches-pots?origin=dropdown&amp;c1=groceries&amp;c2=baby-toddler&amp;c3=baby-food-drink&amp;c4=pouches-pots&amp;clickedon=pouches-pots"
                                                    >Pouches &amp; Pots</a
                                                  >
                                                </li>
                                                <li
                                                  class="mb-0 mb-submenu level4Menu"
                                                >
                                                  <a
                                                    class="dropdown-item"
                                                    href="/en-GB/baby-toddler/baby-food-drink/snacks-finger-foods?origin=dropdown&amp;c1=groceries&amp;c2=baby-toddler&amp;c3=baby-food-drink&amp;c4=snacks-finger-food&amp;clickedon=snacks-finger-food"
                                                    >Snacks &amp; Finger Food</a
                                                  >
                                                </li>
                                                <li
                                                  class="mb-0 mb-submenu level4Menu"
                                                >
                                                  <a
                                                    class="dropdown-item"
                                                    href="/en-GB/baby-toddler/baby-food-drink/formula?origin=dropdown&amp;c1=groceries&amp;c2=baby-toddler&amp;c3=baby-food-drink&amp;c4=formula&amp;clickedon=formula"
                                                    >Formula</a
                                                  >
                                                </li>
                                              </ul>
                                            </div>
                                          </div>
                                        </div>
                                      </li>
                                      <li
                                        class="dropdown-submenu mb-0 mb-submenu level3Menu"
                                      >
                                        <a
                                          style=""
                                          aria-haspopup="true"
                                          class="dropdown-item d-none d-lg-block"
                                          href="/en-GB/baby-toddler/nappies-wipes?origin=dropdown&amp;c1=groceries&amp;c2=baby-toddler&amp;c3=nappies-wipes&amp;clickedon=nappies-wipes"
                                          >Nappies &amp; Wipes</a
                                        >
                                        <a
                                          role="button"
                                          style=""
                                          aria-haspopup="true"
                                          class="dropdown-item d-block d-lg-none"
                                          href="/en-GB/baby-toddler/nappies-wipes?origin=dropdown&amp;c1=groceries&amp;c2=baby-toddler&amp;c3=nappies-wipes&amp;clickedon=nappies-wipes"
                                          >Nappies &amp; Wipes</a
                                        >
                                        <div
                                          class="dropdown-menu mb-submenulist last-nested-list"
                                        >
                                          <div class="row no-gutters">
                                            <div
                                              class="col-innermost-menu py-lg-4"
                                            >
                                              <ul class="list-unstyled pb-lg-2">
                                                <li
                                                  class="mb-0 mb-submenu level4Menu"
                                                >
                                                  <a
                                                    class="dropdown-item"
                                                    href="/en-GB/baby-toddler/nappies-wipes?origin=dropdown&amp;c1=groceries&amp;c2=baby-toddler&amp;c3=nappies-wipes&amp;c4=shopall-nappies-wipes&amp;clickedon=shopall-nappies-wipes"
                                                    >SHOP ALL NAPPIES &amp;
                                                    WIPES</a
                                                  >
                                                </li>
                                                <li
                                                  class="mb-0 mb-submenu level4Menu"
                                                >
                                                  <a
                                                    class="dropdown-item"
                                                    href="/en-GB/baby-toddler/nappies-wipes/nappies?origin=dropdown&amp;c1=groceries&amp;c2=baby-toddler&amp;c3=nappies-wipes&amp;c4=nappies&amp;clickedon=nappies"
                                                    >Nappies</a
                                                  >
                                                </li>
                                                <li
                                                  class="mb-0 mb-submenu level4Menu"
                                                >
                                                  <a
                                                    class="dropdown-item"
                                                    href="/en-GB/baby-toddler/nappies-wipes/wipes?origin=dropdown&amp;c1=groceries&amp;c2=baby-toddler&amp;c3=nappies-wipes&amp;c4=wipes&amp;clickedon=wipes"
                                                    >Wipes</a
                                                  >
                                                </li>
                                              </ul>
                                            </div>
                                          </div>
                                        </div>
                                      </li>
                                    </ul>
                                  </div>
                                </div>
                              </div>
                            </li>
                            <li
                              class="dropdown-submenu mb-0 mb-submenu level2Menu"
                            >
                              <a
                                class="dropdown-item d-none d-lg-block"
                                href="/en-GB/health-beauty?origin=dropdown&amp;c1=groceries&amp;c2=health-beauty&amp;clickedon=health-beauty"
                                target="_self"
                                style=""
                                aria-haspopup="true"
                              >
                                Health &amp; Beauty
                              </a>
                              <a
                                class="dropdown-item d-block d-lg-none"
                                href="/en-GB/health-beauty?origin=dropdown&amp;c1=groceries&amp;c2=health-beauty&amp;clickedon=health-beauty"
                                role="button"
                                target="_self"
                                style=""
                                aria-haspopup="true"
                              >
                                Health &amp; Beauty
                              </a>
                              <div
                                class="dropdown-menu mb-submenulist second-nested-list"
                              >
                                <div class="row no-gutters">
                                  <div class="col-submenu border-right py-lg-4">
                                    <ul id="level3" class="list-unstyled">
                                      <li
                                        class="submenu mb-0 mb-submenu level3Menu"
                                      >
                                        <a
                                          class="dropdown-item"
                                          href="/en-GB/health-beauty?origin=dropdown&amp;c1=groceries&amp;c2=health-beauty&amp;c3=shopall-health-beauty&amp;clickedon=shopall-health-beauty"
                                          >SHOP ALL HEALTH &amp; BEAUTY</a
                                        >
                                      </li>
                                      <li
                                        class="submenu mb-0 mb-submenu level3Menu"
                                      >
                                        <a
                                          class="dropdown-item"
                                          href="/en-GB/health-beauty/bath-shower-soap?origin=dropdown&amp;c1=groceries&amp;c2=health-beauty&amp;c3=bath-shower-soap&amp;clickedon=bath-shower-soap"
                                          >Bath, Shower &amp; Soap</a
                                        >
                                      </li>
                                      <li
                                        class="submenu mb-0 mb-submenu level3Menu"
                                      >
                                        <a
                                          class="dropdown-item"
                                          href="/en-GB/health-beauty/medicine?origin=dropdown&amp;c1=groceries&amp;c2=health-beauty&amp;c3=medicine&amp;clickedon=medicine"
                                          >Medicine</a
                                        >
                                      </li>
                                      <li
                                        class="submenu mb-0 mb-submenu level3Menu"
                                      >
                                        <a
                                          class="dropdown-item"
                                          href="/en-GB/health-beauty/dental-care?origin=dropdown&amp;c1=groceries&amp;c2=health-beauty&amp;c3=dental-care&amp;clickedon=dental-care"
                                          >Dental Care</a
                                        >
                                      </li>
                                      <li
                                        class="submenu mb-0 mb-submenu level3Menu"
                                      >
                                        <a
                                          class="dropdown-item"
                                          href="/en-GB/health-beauty/deodorants?origin=dropdown&amp;c1=groceries&amp;c2=health-beauty&amp;c3=deodorants&amp;clickedon=deodorants"
                                          >Deodorants</a
                                        >
                                      </li>
                                      <li
                                        class="submenu mb-0 mb-submenu level3Menu"
                                      >
                                        <a
                                          class="dropdown-item"
                                          href="/en-GB/health-beauty/shampoo-hair-care?origin=dropdown&amp;c1=groceries&amp;c2=health-beauty&amp;c3=shampoo-hair-care&amp;clickedon=shampoo-hair-care"
                                          >Shampoo &amp; Hair Care</a
                                        >
                                      </li>
                                      <li
                                        class="dropdown-submenu mb-0 mb-submenu level3Menu"
                                      >
                                        <a
                                          style=""
                                          aria-haspopup="true"
                                          class="dropdown-item d-none d-lg-block"
                                          href="/en-GB/health-beauty/womens-toiletries?origin=dropdown&amp;c1=groceries&amp;c2=health-beauty&amp;c3=womens-toiletries&amp;clickedon=womens-toiletries"
                                          >Women's Toiletries</a
                                        >
                                        <a
                                          role="button"
                                          style=""
                                          aria-haspopup="true"
                                          class="dropdown-item d-block d-lg-none"
                                          href="/en-GB/health-beauty/womens-toiletries?origin=dropdown&amp;c1=groceries&amp;c2=health-beauty&amp;c3=womens-toiletries&amp;clickedon=womens-toiletries"
                                          >Women's Toiletries</a
                                        >
                                        <div
                                          class="dropdown-menu mb-submenulist last-nested-list"
                                        >
                                          <div class="row no-gutters">
                                            <div
                                              class="col-innermost-menu py-lg-4"
                                            >
                                              <ul class="list-unstyled pb-lg-2">
                                                <li
                                                  class="mb-0 mb-submenu level4Menu"
                                                >
                                                  <a
                                                    class="dropdown-item"
                                                    href="/en-GB/health-beauty/womens-toiletries?origin=dropdown&amp;c1=groceries&amp;c2=health-beauty&amp;c3=womens-toiletries&amp;c4=shopall-womens-toiletries&amp;clickedon=shopall-womens-toiletries"
                                                    >SHOP ALL WOMEN'S
                                                    TOILETRIES</a
                                                  >
                                                </li>
                                                <li
                                                  class="mb-0 mb-submenu level4Menu"
                                                >
                                                  <a
                                                    class="dropdown-item"
                                                    href="/en-GB/health-beauty/womens-toiletries/period-products?origin=dropdown&amp;c1=groceries&amp;c2=health-beauty&amp;c3=womens-toiletries&amp;c4=period-products&amp;clickedon=period-products"
                                                    >Period Products</a
                                                  >
                                                </li>
                                                <li
                                                  class="mb-0 mb-submenu level4Menu"
                                                >
                                                  <a
                                                    class="dropdown-item"
                                                    href="/en-GB/health-beauty/womens-toiletries/womens-cosmetics?origin=dropdown&amp;c1=groceries&amp;c2=health-beauty&amp;c3=womens-toiletries&amp;c4=womens-cosmetics&amp;clickedon=womens-cosmetics"
                                                    >Women's Cosmetics</a
                                                  >
                                                </li>
                                              </ul>
                                            </div>
                                          </div>
                                        </div>
                                      </li>
                                      <li
                                        class="submenu mb-0 mb-submenu level3Menu"
                                      >
                                        <a
                                          class="dropdown-item"
                                          href="/en-GB/health-beauty/mens-toiletries?origin=dropdown&amp;c1=groceries&amp;c2=health-beauty&amp;c3=mens-toiletries&amp;clickedon=mens-toiletries"
                                          >Men's Toiletries</a
                                        >
                                      </li>
                                      <li
                                        class="dropdown-submenu mb-0 mb-submenu level3Menu"
                                      >
                                        <a
                                          style=""
                                          aria-haspopup="true"
                                          class="dropdown-item d-none d-lg-block"
                                          href="/en-GB/health-beauty/skin-care?origin=dropdown&amp;c1=groceries&amp;c2=health-beauty&amp;c3=skin-care&amp;clickedon=skin-care"
                                          >Skin Care</a
                                        >
                                        <a
                                          role="button"
                                          style=""
                                          aria-haspopup="true"
                                          class="dropdown-item d-block d-lg-none"
                                          href="/en-GB/health-beauty/skin-care?origin=dropdown&amp;c1=groceries&amp;c2=health-beauty&amp;c3=skin-care&amp;clickedon=skin-care"
                                          >Skin Care</a
                                        >
                                        <div
                                          class="dropdown-menu mb-submenulist last-nested-list"
                                        >
                                          <div class="row no-gutters">
                                            <div
                                              class="col-innermost-menu py-lg-4"
                                            >
                                              <ul class="list-unstyled pb-lg-2">
                                                <li
                                                  class="mb-0 mb-submenu level4Menu"
                                                >
                                                  <a
                                                    class="dropdown-item"
                                                    href="/en-GB/health-beauty/skin-care?origin=dropdown&amp;c1=groceries&amp;c2=health-beauty&amp;c3=skin-care&amp;c4=shopall-skin-care&amp;clickedon=shopall-skin-care"
                                                    >SHOP ALL SKIN CARE</a
                                                  >
                                                </li>
                                                <li
                                                  class="mb-0 mb-submenu level4Menu"
                                                >
                                                  <a
                                                    class="dropdown-item"
                                                    href="/en-GB/health-beauty/skin-care/skin-care?origin=dropdown&amp;c1=groceries&amp;c2=health-beauty&amp;c3=skin-care&amp;c4=skin-care&amp;clickedon=skin-care"
                                                    >Skin Care</a
                                                  >
                                                </li>
                                                <li
                                                  class="mb-0 mb-submenu level4Menu"
                                                >
                                                  <a
                                                    class="dropdown-item"
                                                    href="/en-GB/health-beauty/skin-care/sun-care?origin=dropdown&amp;c1=groceries&amp;c2=health-beauty&amp;c3=skin-care&amp;c4=sun-care&amp;clickedon=sun-care"
                                                    >Sun Care</a
                                                  >
                                                </li>
                                              </ul>
                                            </div>
                                          </div>
                                        </div>
                                      </li>
                                      <li
                                        class="submenu mb-0 mb-submenu level3Menu"
                                      >
                                        <a
                                          class="dropdown-item"
                                          href="/en-GB/health-beauty/bladder-weakness?origin=dropdown&amp;c1=groceries&amp;c2=health-beauty&amp;c3=bladder-weakness&amp;clickedon=bladder-weakness"
                                          >Bladder Weakness</a
                                        >
                                      </li>
                                      <li
                                        class="submenu mb-0 mb-submenu level3Menu"
                                      >
                                        <a
                                          class="dropdown-item"
                                          href="/en-GB/health-beauty/sports-nutrition?origin=dropdown&amp;c1=groceries&amp;c2=health-beauty&amp;c3=sports-nutrition&amp;clickedon=sports-nutrition"
                                          >Sports Nutrition</a
                                        >
                                      </li>
                                    </ul>
                                  </div>
                                </div>
                              </div>
                            </li>
                            <li
                              class="dropdown-submenu mb-0 mb-submenu level2Menu"
                            >
                              <a
                                class="dropdown-item d-none d-lg-block"
                                href="/en-GB/household?origin=dropdown&amp;c1=groceries&amp;c2=household&amp;clickedon=household"
                                target="_self"
                                style=""
                                aria-haspopup="true"
                              >
                                Household
                              </a>
                              <a
                                class="dropdown-item d-block d-lg-none"
                                href="/en-GB/household?origin=dropdown&amp;c1=groceries&amp;c2=household&amp;clickedon=household"
                                role="button"
                                target="_self"
                                style=""
                                aria-haspopup="true"
                              >
                                Household
                              </a>
                              <div
                                class="dropdown-menu mb-submenulist second-nested-list"
                              >
                                <div class="row no-gutters">
                                  <div class="col-submenu border-right py-lg-4">
                                    <ul id="level3" class="list-unstyled">
                                      <li
                                        class="submenu mb-0 mb-submenu level3Menu"
                                      >
                                        <a
                                          class="dropdown-item"
                                          href="/en-GB/household?origin=dropdown&amp;c1=groceries&amp;c2=household&amp;c3=shopall-household&amp;clickedon=shopall-household"
                                          >SHOP ALL HOUSEHOLD</a
                                        >
                                      </li>
                                      <li
                                        class="submenu mb-0 mb-submenu level3Menu"
                                      >
                                        <a
                                          class="dropdown-item"
                                          href="/en-GB/household/flowers?origin=dropdown&amp;c1=groceries&amp;c2=household&amp;c3=fresh-flowers&amp;clickedon=fresh-flowers"
                                          >Fresh Flowers</a
                                        >
                                      </li>
                                      <li
                                        class="submenu mb-0 mb-submenu level3Menu"
                                      >
                                        <a
                                          class="dropdown-item"
                                          href="/en-GB/household/dishwashing?origin=dropdown&amp;c1=groceries&amp;c2=household&amp;c3=dishwashing&amp;clickedon=dishwashing"
                                          >Dishwashing</a
                                        >
                                      </li>
                                      <li
                                        class="dropdown-submenu mb-0 mb-submenu level3Menu"
                                      >
                                        <a
                                          style=""
                                          aria-haspopup="true"
                                          class="dropdown-item d-none d-lg-block"
                                          href="/en-GB/household/laundry?origin=dropdown&amp;c1=groceries&amp;c2=household&amp;c3=laundry&amp;clickedon=laundry"
                                          >Laundry</a
                                        >
                                        <a
                                          role="button"
                                          style=""
                                          aria-haspopup="true"
                                          class="dropdown-item d-block d-lg-none"
                                          href="/en-GB/household/laundry?origin=dropdown&amp;c1=groceries&amp;c2=household&amp;c3=laundry&amp;clickedon=laundry"
                                          >Laundry</a
                                        >
                                        <div
                                          class="dropdown-menu mb-submenulist last-nested-list"
                                        >
                                          <div class="row no-gutters">
                                            <div
                                              class="col-innermost-menu py-lg-4"
                                            >
                                              <ul class="list-unstyled pb-lg-2">
                                                <li
                                                  class="mb-0 mb-submenu level4Menu"
                                                >
                                                  <a
                                                    class="dropdown-item"
                                                    href="/en-GB/household/laundry?origin=dropdown&amp;c1=groceries&amp;c2=household&amp;c3=laundry&amp;c4=shopall-laundry&amp;clickedon=shopall-laundry"
                                                    >SHOP ALL LAUNDRY</a
                                                  >
                                                </li>
                                                <li
                                                  class="mb-0 mb-submenu level4Menu"
                                                >
                                                  <a
                                                    class="dropdown-item"
                                                    href="/en-GB/household/laundry/fabric-conditioners?origin=dropdown&amp;c1=groceries&amp;c2=household&amp;c3=laundry&amp;c4=fabric-conditioners&amp;clickedon=fabric-conditioners"
                                                    >Fabric Conditioners</a
                                                  >
                                                </li>
                                                <li
                                                  class="mb-0 mb-submenu level4Menu"
                                                >
                                                  <a
                                                    class="dropdown-item"
                                                    href="/en-GB/household/laundry/washing-liquids-powders?origin=dropdown&amp;c1=groceries&amp;c2=household&amp;c3=laundry&amp;c4=washing-liquids-powders&amp;clickedon=washing-liquids-powders"
                                                    >Washing Liquids &amp;
                                                    Powders</a
                                                  >
                                                </li>
                                              </ul>
                                            </div>
                                          </div>
                                        </div>
                                      </li>
                                      <li
                                        class="dropdown-submenu mb-0 mb-submenu level3Menu"
                                      >
                                        <a
                                          style=""
                                          aria-haspopup="true"
                                          class="dropdown-item d-none d-lg-block"
                                          href="/en-GB/household/house-cleaning?origin=dropdown&amp;c1=groceries&amp;c2=household&amp;c3=house-cleaning&amp;clickedon=house-cleaning"
                                          >House Cleaning</a
                                        >
                                        <a
                                          role="button"
                                          style=""
                                          aria-haspopup="true"
                                          class="dropdown-item d-block d-lg-none"
                                          href="/en-GB/household/house-cleaning?origin=dropdown&amp;c1=groceries&amp;c2=household&amp;c3=house-cleaning&amp;clickedon=house-cleaning"
                                          >House Cleaning</a
                                        >
                                        <div
                                          class="dropdown-menu mb-submenulist last-nested-list"
                                        >
                                          <div class="row no-gutters">
                                            <div
                                              class="col-innermost-menu py-lg-4"
                                            >
                                              <ul class="list-unstyled pb-lg-2">
                                                <li
                                                  class="mb-0 mb-submenu level4Menu"
                                                >
                                                  <a
                                                    class="dropdown-item"
                                                    href="/en-GB/household/house-cleaning?origin=dropdown&amp;c1=groceries&amp;c2=household&amp;c3=house-cleaning&amp;c4=shopall-house-cleaning&amp;clickedon=shopall-house-cleaning"
                                                    >SHOP ALL HOUSE CLEANING</a
                                                  >
                                                </li>
                                                <li
                                                  class="mb-0 mb-submenu level4Menu"
                                                >
                                                  <a
                                                    class="dropdown-item"
                                                    href="/en-GB/household/house-cleaning/cleaners?origin=dropdown&amp;c1=groceries&amp;c2=household&amp;c3=house-cleaning&amp;c4=cleaners&amp;clickedon=cleaners"
                                                    >Cleaners</a
                                                  >
                                                </li>
                                                <li
                                                  class="mb-0 mb-submenu level4Menu"
                                                >
                                                  <a
                                                    class="dropdown-item"
                                                    href="/en-GB/household/house-cleaning/toilet-cleaners-fresheners?origin=dropdown&amp;c1=groceries&amp;c2=household&amp;c3=house-cleaning&amp;c4=toilet-cleaners-fresheners&amp;clickedon=toilet-cleaners-fresheners"
                                                    >Toilet Cleaners &amp;
                                                    Fresheners</a
                                                  >
                                                </li>
                                                <li
                                                  class="mb-0 mb-submenu level4Menu"
                                                >
                                                  <a
                                                    class="dropdown-item"
                                                    href="/en-GB/household/house-cleaning/cleaning-cloths-sponges-gloves?origin=dropdown&amp;c1=groceries&amp;c2=household&amp;c3=house-cleaning&amp;c4=cloths-sponges-gloves&amp;clickedon=cloths-sponges-gloves"
                                                    >Cloths, Sponges &amp;
                                                    Gloves</a
                                                  >
                                                </li>
                                              </ul>
                                            </div>
                                          </div>
                                        </div>
                                      </li>
                                      <li
                                        class="submenu mb-0 mb-submenu level3Menu"
                                      >
                                        <a
                                          class="dropdown-item"
                                          href="/en-GB/household/air-fresheners?origin=dropdown&amp;c1=groceries&amp;c2=household&amp;c3=air-fresheners&amp;clickedon=air-fresheners"
                                          >Air Fresheners</a
                                        >
                                      </li>
                                      <li
                                        class="submenu mb-0 mb-submenu level3Menu"
                                      >
                                        <a
                                          class="dropdown-item"
                                          href="/en-GB/household/candles-reed-diffusers?origin=dropdown&amp;c1=groceries&amp;c2=household&amp;c3=candles-reed-diffusers&amp;clickedon=candles-reed-diffusers"
                                          >Candles &amp; Reed Diffusers</a
                                        >
                                      </li>
                                      <li
                                        class="submenu mb-0 mb-submenu level3Menu"
                                      >
                                        <a
                                          class="dropdown-item"
                                          href="/en-GB/household/batteries?origin=dropdown&amp;c1=groceries&amp;c2=household&amp;c3=batteries&amp;clickedon=batteries"
                                          >Batteries</a
                                        >
                                      </li>
                                      <li
                                        class="dropdown-submenu mb-0 mb-submenu level3Menu"
                                      >
                                        <a
                                          style=""
                                          aria-haspopup="true"
                                          class="dropdown-item d-none d-lg-block"
                                          href="/en-GB/household/food-bags-foil-cling-film?origin=dropdown&amp;c1=groceries&amp;c2=household&amp;c3=food-bags-foil-cling-film&amp;clickedon=food-bags-foil-cling-film"
                                          >Food Bags, Foil &amp; Cling Film</a
                                        >
                                        <a
                                          role="button"
                                          style=""
                                          aria-haspopup="true"
                                          class="dropdown-item d-block d-lg-none"
                                          href="/en-GB/household/food-bags-foil-cling-film?origin=dropdown&amp;c1=groceries&amp;c2=household&amp;c3=food-bags-foil-cling-film&amp;clickedon=food-bags-foil-cling-film"
                                          >Food Bags, Foil &amp; Cling Film</a
                                        >
                                        <div
                                          class="dropdown-menu mb-submenulist last-nested-list"
                                        >
                                          <div class="row no-gutters">
                                            <div
                                              class="col-innermost-menu py-lg-4"
                                            >
                                              <ul class="list-unstyled pb-lg-2">
                                                <li
                                                  class="mb-0 mb-submenu level4Menu"
                                                >
                                                  <a
                                                    class="dropdown-item"
                                                    href="/en-GB/household/food-bags-foil-cling-film?origin=dropdown&amp;c1=groceries&amp;c2=household&amp;c3=food-bags-foil-cling-film&amp;c4=shopall-food-bags-foil-cling-film&amp;clickedon=shopall-food-bags-foil-cling-film"
                                                    >SHOP ALL FOOD BAGS, FOIL
                                                    &amp; CLING FILM</a
                                                  >
                                                </li>
                                                <li
                                                  class="mb-0 mb-submenu level4Menu"
                                                >
                                                  <a
                                                    class="dropdown-item"
                                                    href="/en-GB/household/food-bags-foil-cling-film/carrier-bags?origin=dropdown&amp;c1=groceries&amp;c2=household&amp;c3=food-bags-foil-cling-film&amp;c4=carrier-bags&amp;clickedon=carrier-bags"
                                                    >Carrier Bags</a
                                                  >
                                                </li>
                                                <li
                                                  class="mb-0 mb-submenu level4Menu"
                                                >
                                                  <a
                                                    class="dropdown-item"
                                                    href="/en-GB/household/food-bags-foil-cling-film/food-bags-foil-cling-film?origin=dropdown&amp;c1=groceries&amp;c2=household&amp;c3=food-bags-foil-cling-film&amp;c4=food-bags-foil-cling-film&amp;clickedon=food-bags-foil-cling-film"
                                                    >Food Bags, Foil &amp; Cling
                                                    FIlm</a
                                                  >
                                                </li>
                                              </ul>
                                            </div>
                                          </div>
                                        </div>
                                      </li>
                                      <li
                                        class="dropdown-submenu mb-0 mb-submenu level3Menu"
                                      >
                                        <a
                                          style=""
                                          aria-haspopup="true"
                                          class="dropdown-item d-none d-lg-block"
                                          href="/en-GB/household/toilet-roll-kitchen-roll-tissues?origin=dropdown&amp;c1=groceries&amp;c2=household&amp;c3=toilet-kitchen-roll-tissues&amp;clickedon=toilet-kitchen-roll-tissues"
                                          >Toilet, Kitchen Roll &amp; Tissues</a
                                        >
                                        <a
                                          role="button"
                                          style=""
                                          aria-haspopup="true"
                                          class="dropdown-item d-block d-lg-none"
                                          href="/en-GB/household/toilet-roll-kitchen-roll-tissues?origin=dropdown&amp;c1=groceries&amp;c2=household&amp;c3=toilet-kitchen-roll-tissues&amp;clickedon=toilet-kitchen-roll-tissues"
                                          >Toilet, Kitchen Roll &amp; Tissues</a
                                        >
                                        <div
                                          class="dropdown-menu mb-submenulist last-nested-list"
                                        >
                                          <div class="row no-gutters">
                                            <div
                                              class="col-innermost-menu py-lg-4"
                                            >
                                              <ul class="list-unstyled pb-lg-2">
                                                <li
                                                  class="mb-0 mb-submenu level4Menu"
                                                >
                                                  <a
                                                    class="dropdown-item"
                                                    href="/en-GB/household/toilet-roll-kitchen-roll-tissues?origin=dropdown&amp;c1=groceries&amp;c2=household&amp;c3=toilet-kitchen-roll-tissues&amp;c4=shopall-toilet-roll-kitchen-roll-tissues&amp;clickedon=shopall-toilet-roll-kitchen-roll-tissues"
                                                    >SHOP ALL TOILET ROLL,
                                                    KITCHEN ROLL &amp;
                                                    TISSUES</a
                                                  >
                                                </li>
                                                <li
                                                  class="mb-0 mb-submenu level4Menu"
                                                >
                                                  <a
                                                    class="dropdown-item"
                                                    href="/en-GB/household/toilet-roll-kitchen-roll-tissues/kitchen-towels?origin=dropdown&amp;c1=groceries&amp;c2=household&amp;c3=toilet-kitchen-roll-tissues&amp;c4=kitchen-towels&amp;clickedon=kitchen-towels"
                                                    >Kitchen Towels</a
                                                  >
                                                </li>
                                                <li
                                                  class="mb-0 mb-submenu level4Menu"
                                                >
                                                  <a
                                                    class="dropdown-item"
                                                    href="/en-GB/household/toilet-roll-kitchen-roll-tissues/toilet-roll?origin=dropdown&amp;c1=groceries&amp;c2=household&amp;c3=toilet-kitchen-roll-tissues&amp;c4=toilet-roll&amp;clickedon=toilet-roll"
                                                    >Toilet Roll</a
                                                  >
                                                </li>
                                                <li
                                                  class="mb-0 mb-submenu level4Menu"
                                                >
                                                  <a
                                                    class="dropdown-item"
                                                    href="/en-GB/household/toilet-roll-kitchen-roll-tissues/tissues?origin=dropdown&amp;c1=groceries&amp;c2=household&amp;c3=toilet-kitchen-roll-tissues&amp;c4=tissues&amp;clickedon=tissues"
                                                    >Tissues</a
                                                  >
                                                </li>
                                              </ul>
                                            </div>
                                          </div>
                                        </div>
                                      </li>
                                    </ul>
                                  </div>
                                </div>
                              </div>
                            </li>
                            <li
                              class="dropdown-submenu mb-0 mb-submenu level2Menu"
                            >
                              <a
                                class="dropdown-item d-none d-lg-block"
                                href="/en-GB/pet-care?origin=dropdown&amp;c1=groceries&amp;c2=pet-care&amp;clickedon=pet-care"
                                target="_self"
                                style=""
                                aria-haspopup="true"
                              >
                                Pet Care
                              </a>
                              <a
                                class="dropdown-item d-block d-lg-none"
                                href="/en-GB/pet-care?origin=dropdown&amp;c1=groceries&amp;c2=pet-care&amp;clickedon=pet-care"
                                role="button"
                                target="_self"
                                style=""
                                aria-haspopup="true"
                              >
                                Pet Care
                              </a>
                              <div
                                class="dropdown-menu mb-submenulist second-nested-list"
                              >
                                <div class="row no-gutters">
                                  <div class="col-submenu border-right py-lg-4">
                                    <ul id="level3" class="list-unstyled">
                                      <li
                                        class="submenu mb-0 mb-submenu level3Menu"
                                      >
                                        <a
                                          class="dropdown-item"
                                          href="/en-GB/pet-care?origin=dropdown&amp;c1=groceries&amp;c2=pet-care&amp;c3=shopall-pet-care&amp;clickedon=shopall-pet-care"
                                          >SHOP ALL PET CARE</a
                                        >
                                      </li>
                                      <li
                                        class="dropdown-submenu mb-0 mb-submenu level3Menu"
                                      >
                                        <a
                                          style=""
                                          aria-haspopup="true"
                                          class="dropdown-item d-none d-lg-block"
                                          href="/en-GB/pet-care/cats?origin=dropdown&amp;c1=groceries&amp;c2=pet-care&amp;c3=cats&amp;clickedon=cats"
                                          >Cats</a
                                        >
                                        <a
                                          role="button"
                                          style=""
                                          aria-haspopup="true"
                                          class="dropdown-item d-block d-lg-none"
                                          href="/en-GB/pet-care/cats?origin=dropdown&amp;c1=groceries&amp;c2=pet-care&amp;c3=cats&amp;clickedon=cats"
                                          >Cats</a
                                        >
                                        <div
                                          class="dropdown-menu mb-submenulist last-nested-list"
                                        >
                                          <div class="row no-gutters">
                                            <div
                                              class="col-innermost-menu py-lg-4"
                                            >
                                              <ul class="list-unstyled pb-lg-2">
                                                <li
                                                  class="mb-0 mb-submenu level4Menu"
                                                >
                                                  <a
                                                    class="dropdown-item"
                                                    href="/en-GB/pet-care/cats?origin=dropdown&amp;c1=groceries&amp;c2=pet-care&amp;c3=cats&amp;c4=shopall-cats&amp;clickedon=shopall-cats"
                                                    >SHOP ALL CATS</a
                                                  >
                                                </li>
                                                <li
                                                  class="mb-0 mb-submenu level4Menu"
                                                >
                                                  <a
                                                    class="dropdown-item"
                                                    href="/en-GB/pet-care/cats/cat-food?origin=dropdown&amp;c1=groceries&amp;c2=pet-care&amp;c3=cats&amp;c4=cat-food&amp;clickedon=cat-food"
                                                    >Cat Food</a
                                                  >
                                                </li>
                                                <li
                                                  class="mb-0 mb-submenu level4Menu"
                                                >
                                                  <a
                                                    class="dropdown-item"
                                                    href="/en-GB/pet-care/cats/cat-litter?origin=dropdown&amp;c1=groceries&amp;c2=pet-care&amp;c3=cats&amp;c4=cat-litter&amp;clickedon=cat-litter"
                                                    >Cat Litter</a
                                                  >
                                                </li>
                                              </ul>
                                            </div>
                                          </div>
                                        </div>
                                      </li>
                                      <li
                                        class="dropdown-submenu mb-0 mb-submenu level3Menu"
                                      >
                                        <a
                                          style=""
                                          aria-haspopup="true"
                                          class="dropdown-item d-none d-lg-block"
                                          href="/en-GB/pet-care/dogs?origin=dropdown&amp;c1=groceries&amp;c2=pet-care&amp;c3=dogs&amp;clickedon=dogs"
                                          >Dogs</a
                                        >
                                        <a
                                          role="button"
                                          style=""
                                          aria-haspopup="true"
                                          class="dropdown-item d-block d-lg-none"
                                          href="/en-GB/pet-care/dogs?origin=dropdown&amp;c1=groceries&amp;c2=pet-care&amp;c3=dogs&amp;clickedon=dogs"
                                          >Dogs</a
                                        >
                                        <div
                                          class="dropdown-menu mb-submenulist last-nested-list"
                                        >
                                          <div class="row no-gutters">
                                            <div
                                              class="col-innermost-menu py-lg-4"
                                            >
                                              <ul class="list-unstyled pb-lg-2">
                                                <li
                                                  class="mb-0 mb-submenu level4Menu"
                                                >
                                                  <a
                                                    class="dropdown-item"
                                                    href="/en-GB/pet-care/dogs?origin=dropdown&amp;c1=groceries&amp;c2=pet-care&amp;c3=dogs&amp;c4=shopall-dogs&amp;clickedon=shopall-dogs"
                                                    >SHOP ALL DOGS</a
                                                  >
                                                </li>
                                                <li
                                                  class="mb-0 mb-submenu level4Menu"
                                                >
                                                  <a
                                                    class="dropdown-item"
                                                    href="/en-GB/pet-care/dogs/dog-food?origin=dropdown&amp;c1=groceries&amp;c2=pet-care&amp;c3=dogs&amp;c4=dog-food&amp;clickedon=dog-food"
                                                    >Dog Food</a
                                                  >
                                                </li>
                                                <li
                                                  class="mb-0 mb-submenu level4Menu"
                                                >
                                                  <a
                                                    class="dropdown-item"
                                                    href="/en-GB/pet-care/dogs/dog-accessories?origin=dropdown&amp;c1=groceries&amp;c2=pet-care&amp;c3=dogs&amp;c4=dog-accessories&amp;clickedon=dog-accessories"
                                                    >Dog Accessories</a
                                                  >
                                                </li>
                                              </ul>
                                            </div>
                                          </div>
                                        </div>
                                      </li>
                                    </ul>
                                  </div>
                                </div>
                              </div>
                            </li>
                            <li
                              class="dropdown-submenu mb-0 mb-submenu level2Menu"
                            >
                              <a
                                class="dropdown-item d-none d-lg-block"
                                href="/en-GB/aldi-brands?origin=dropdown&amp;c1=groceries&amp;c2=aldi-brands&amp;clickedon=aldi-brands"
                                target="_self"
                                style=""
                                aria-haspopup="true"
                              >
                                Aldi Brands
                              </a>
                              <a
                                class="dropdown-item d-block d-lg-none"
                                href="/en-GB/aldi-brands?origin=dropdown&amp;c1=groceries&amp;c2=aldi-brands&amp;clickedon=aldi-brands"
                                role="button"
                                target="_self"
                                style=""
                                aria-haspopup="true"
                              >
                                Aldi Brands
                              </a>
                              <div
                                class="dropdown-menu mb-submenulist second-nested-list"
                              >
                                <div class="row no-gutters">
                                  <div class="col-submenu border-right py-lg-4">
                                    <ul id="level3" class="list-unstyled">
                                      <li
                                        class="submenu mb-0 mb-submenu level3Menu"
                                      >
                                        <a
                                          class="dropdown-item"
                                          href="https://groceries.aldi.co.uk/en-GB/Search?keywords=Ashfields&amp;fn1=BrandForFacet&amp;fv1=Ashfields&amp;origin=dropdown&amp;c1=groceries&amp;c2=aldi-brands&amp;c3=ashfields&amp;clickedon=ashfields"
                                          >Ashfields</a
                                        >
                                      </li>
                                      <li
                                        class="submenu mb-0 mb-submenu level3Menu"
                                      >
                                        <a
                                          class="dropdown-item"
                                          href="https://groceries.aldi.co.uk/en-GB/Search?keywords=Specially+Selected&amp;fn1=BrandForFacet&amp;fv1=Specially+Selected&amp;origin=dropdown&amp;c1=groceries&amp;c2=aldi-brands&amp;c3=specially-selected&amp;clickedon=specially-selected"
                                          >Specially Selected</a
                                        >
                                      </li>
                                      <li
                                        class="submenu mb-0 mb-submenu level3Menu"
                                      >
                                        <a
                                          class="dropdown-item"
                                          href="https://groceries.aldi.co.uk/en-GB/Search?keywords=Mamia&amp;fn1=BrandForFacet&amp;fv1=Mamia&amp;origin=dropdown&amp;c1=groceries&amp;c2=aldi-brands&amp;c3=mamia&amp;clickedon=mamia"
                                          >Mamia</a
                                        >
                                      </li>
                                      <li
                                        class="submenu mb-0 mb-submenu level3Menu"
                                      >
                                        <a
                                          class="dropdown-item"
                                          href="https://groceries.aldi.co.uk/en-GB/Search?keywords=Lacura&amp;fn1=BrandForFacet&amp;fv1=Lacura&amp;origin=dropdown&amp;c1=groceries&amp;c2=aldi-brands&amp;c3=lacura&amp;clickedon=lacura"
                                          >Lacura</a
                                        >
                                      </li>
                                      <li
                                        class="submenu mb-0 mb-submenu level3Menu"
                                      >
                                        <a
                                          class="dropdown-item"
                                          href="https://groceries.aldi.co.uk/en-GB/Search?keywords=Nature%27s+Pick&amp;fn1=BrandForFacet&amp;fv1=Nature%27s+Pick&amp;origin=dropdown&amp;c1=groceries&amp;c2=aldi-brands&amp;c3=natures-pick&amp;clickedon=natures-pick"
                                          >Nature's Pick</a
                                        >
                                      </li>
                                      <li
                                        class="submenu mb-0 mb-submenu level3Menu"
                                      >
                                        <a
                                          class="dropdown-item"
                                          href="https://groceries.aldi.co.uk/en-GB/Search?keywords=Harvest+Morn&amp;fn1=BrandForFacet&amp;fv1=Harvest+Morn&amp;origin=dropdown&amp;c1=groceries&amp;c2=aldi-brands&amp;c3=harvest-morn&amp;clickedon=harvest-morn"
                                          >Harvest Morn</a
                                        >
                                      </li>
                                      <li
                                        class="submenu mb-0 mb-submenu level3Menu"
                                      >
                                        <a
                                          class="dropdown-item"
                                          href="https://groceries.aldi.co.uk/en-GB/Search?keywords=Everyday+Essentials&amp;fn1=BrandForFacet&amp;fv1=Everyday+Essentials&amp;origin=dropdown&amp;c1=groceries&amp;c2=aldi-brands&amp;c3=everyday-essentials&amp;clickedon=everyday-essentials"
                                          >Everyday Essentials</a
                                        >
                                      </li>
                                      <li
                                        class="submenu mb-0 mb-submenu level3Menu"
                                      >
                                        <a
                                          class="dropdown-item"
                                          href="https://groceries.aldi.co.uk/en-GB/Search?keywords=Carlos&amp;fn1=BrandForFacet&amp;fv1=Carlos&amp;origin=dropdown&amp;c1=groceries&amp;c2=aldi-brands&amp;c3=carlos&amp;clickedon=carlos"
                                          >Carlos</a
                                        >
                                      </li>
                                      <li
                                        class="submenu mb-0 mb-submenu level3Menu"
                                      >
                                        <a
                                          class="dropdown-item"
                                          href="https://groceries.aldi.co.uk/en-GB/Search?keywords=The+Fishmonger&amp;fn1=BrandForFacet&amp;fv1=The+Fishmonger&amp;origin=dropdown&amp;c1=groceries&amp;c2=aldi-brands&amp;c3=the-fishmonger&amp;clickedon=the-fishmonger"
                                          >The Fishmonger</a
                                        >
                                      </li>
                                      <li
                                        class="submenu mb-0 mb-submenu level3Menu"
                                      >
                                        <a
                                          class="dropdown-item"
                                          href="https://groceries.aldi.co.uk/en-GB/Search?keywords=Plant+Menu&amp;fn1=BrandForFacet&amp;fv1=Plant+Menu&amp;origin=dropdown&amp;c1=groceries&amp;c2=aldi-brands&amp;c3=plant-menu&amp;clickedon=plant-menu"
                                          >Plant Menu</a
                                        >
                                      </li>
                                    </ul>
                                  </div>
                                </div>
                              </div>
                            </li>
                            <li class="submenu mb-0 mb-submenu level2Menu">
                              <a
                                class="dropdown-item d-none d-lg-block"
                                href="/en-GB/food-specialbuys?origin=dropdown&amp;c1=groceries&amp;c2=food-specialbuys&amp;clickedon=food-specialbuys"
                                target="_self"
                                style=""
                                aria-haspopup="true"
                              >
                                Food Specialbuys </a
                              ><a
                                class="dropdown-item d-block d-lg-none"
                                href="/en-GB/food-specialbuys?origin=dropdown&amp;c1=groceries&amp;c2=food-specialbuys&amp;clickedon=food-specialbuys"
                                role="button"
                                target="_self"
                                style=""
                                aria-haspopup="true"
                              >
                                Food Specialbuys
                              </a>
                            </li>
                            <li
                              id="static-menubar"
                              class="help-nav d-block d-lg-none"
                            >
                              <a href="/en-GB/FAQ"
                                ><i class="icoaldi-help mr-2"></i> Help
                              </a>
                            </li>
                          </ul>
                        </div>
                      </div>
                    </div>
                  </li>
                </ul>
              </li>
              <li class="nav-item dropdown mb-mainmenu">
                <a
                  id="IsNonMobile"
                  href="/en-GB/grocery-offers?origin=dropdown&amp;c1=amazing-offers&amp;clickedon=amazing-offers"
                  data-qa="main-menu-category"
                  role="button"
                  class="dropdown-toggle nav-link d-none d-lg-block"
                  style=""
                  aria-haspopup="true"
                >
                  Amazing Offers
                </a>
                <a
                  href="/en-GB/grocery-offers?origin=dropdown&amp;c1=amazing-offers&amp;clickedon=amazing-offers"
                  data-qa="main-menu-category"
                  role="button"
                  data-toggle="dropdown"
                  class="dropdown-toggle nav-link d-block d-lg-none"
                  style=""
                  aria-haspopup="true"
                  aria-expanded="false"
                >
                  Amazing Offers
                </a>
                <ul class="main-dropdown-menu dropdown-menu shadow mb-menu">
                  <li>
                    <!-- Content container to add padding -->
                    <div class="main-nav-content">
                      <div class="row no-gutters">
                        <div
                          class="col-submenu position-static border-right py-lg-4"
                        >
                          <ul
                            class="list-unstyled w-100 back-nav d-block d-lg-none"
                          >
                            <li class="mb-0">
                              <a
                                href="/en-GB/grocery-offers?origin=dropdown&amp;c1=amazing-offers&amp;clickedon=amazing-offers"
                                class="float-left text-uppercase"
                                >Amazing Offers</a
                              ><a
                                id="menu-back-cta"
                                class="float-right js-back-cta menu-back-cta"
                                ><i class="fa fa-angle-left mr-2"></i> Back</a
                              >
                            </li>
                          </ul>
                          <ul id="level2" class="list-unstyled w-100">
                            <li class="submenu mb-0 mb-submenu level2Menu">
                              <a
                                class="dropdown-item d-none d-lg-block"
                                href="/en-GB/Super-6?origin=dropdown&amp;c1=amazing-offers&amp;c2=super-6&amp;clickedon=super-6"
                                target="_self"
                                style=""
                                aria-haspopup="true"
                              >
                                Super 6 </a
                              ><a
                                class="dropdown-item d-block d-lg-none"
                                href="/en-GB/Super-6?origin=dropdown&amp;c1=amazing-offers&amp;c2=super-6&amp;clickedon=super-6"
                                role="button"
                                target="_self"
                                style=""
                                aria-haspopup="true"
                              >
                                Super 6
                              </a>
                            </li>
                            <li class="submenu mb-0 mb-submenu level2Menu">
                              <a
                                class="dropdown-item d-none d-lg-block"
                                href="/en-GB/super-weekly-offers?origin=dropdown&amp;c1=amazing-offers&amp;c2=super-weekly-offers&amp;clickedon=super-weekly-offers"
                                target="_self"
                                style=""
                                aria-haspopup="true"
                              >
                                Super Weekly Offers </a
                              ><a
                                class="dropdown-item d-block d-lg-none"
                                href="/en-GB/super-weekly-offers?origin=dropdown&amp;c1=amazing-offers&amp;c2=super-weekly-offers&amp;clickedon=super-weekly-offers"
                                role="button"
                                target="_self"
                                style=""
                                aria-haspopup="true"
                              >
                                Super Weekly Offers
                              </a>
                            </li>
                            <li class="submenu mb-0 mb-submenu level2Menu">
                              <a
                                class="dropdown-item d-none d-lg-block"
                                href="/en-GB/Price-Drops?origin=dropdown&amp;c1=amazing-offers&amp;c2=price-drops&amp;clickedon=price-drops"
                                target="_self"
                                style=""
                                aria-haspopup="true"
                              >
                                Price Drops </a
                              ><a
                                class="dropdown-item d-block d-lg-none"
                                href="/en-GB/Price-Drops?origin=dropdown&amp;c1=amazing-offers&amp;c2=price-drops&amp;clickedon=price-drops"
                                role="button"
                                target="_self"
                                style=""
                                aria-haspopup="true"
                              >
                                Price Drops
                              </a>
                            </li>
                            <li class="submenu mb-0 mb-submenu level2Menu">
                              <a
                                class="dropdown-item d-none d-lg-block"
                                href="/en-GB/grocery-offers/amazing-savings?origin=dropdown&amp;c1=amazing-offers&amp;c2=amazing-savings&amp;clickedon=amazing-savings"
                                target="_self"
                                style=""
                                aria-haspopup="true"
                              >
                                Amazing Savings </a
                              ><a
                                class="dropdown-item d-block d-lg-none"
                                href="/en-GB/grocery-offers/amazing-savings?origin=dropdown&amp;c1=amazing-offers&amp;c2=amazing-savings&amp;clickedon=amazing-savings"
                                role="button"
                                target="_self"
                                style=""
                                aria-haspopup="true"
                              >
                                Amazing Savings
                              </a>
                            </li>
                            <li class="submenu mb-0 mb-submenu level2Menu">
                              <a
                                class="dropdown-item d-none d-lg-block"
                                href="/en-GB/grocery-offers/amazing-savings/budget-recipes?origin=dropdown&amp;c1=amazing-offers&amp;c2=budget-recipes&amp;clickedon=budget-recipes"
                                target="_self"
                                style=""
                                aria-haspopup="true"
                              >
                                Budget Recipes </a
                              ><a
                                class="dropdown-item d-block d-lg-none"
                                href="/en-GB/grocery-offers/amazing-savings/budget-recipes?origin=dropdown&amp;c1=amazing-offers&amp;c2=budget-recipes&amp;clickedon=budget-recipes"
                                role="button"
                                target="_self"
                                style=""
                                aria-haspopup="true"
                              >
                                Budget Recipes
                              </a>
                            </li>
                            <li
                              id="static-menubar"
                              class="help-nav d-block d-lg-none"
                            >
                              <a href="/en-GB/FAQ"
                                ><i class="icoaldi-help mr-2"></i> Help
                              </a>
                            </li>
                          </ul>
                        </div>
                      </div>
                    </div>
                  </li>
                </ul>
              </li>
              <li class="nav-item dropdown mb-mainmenu">
                <a
                  id="IsNonMobile"
                  href="/en-GB/easter/inspiration?origin=dropdown&amp;c1=easter&amp;clickedon=easter"
                  data-qa="main-menu-category"
                  role="button"
                  class="dropdown-toggle nav-link d-none d-lg-block"
                  style=""
                  aria-haspopup="true"
                >
                  Easter
                </a>
                <a
                  href="/en-GB/easter/inspiration?origin=dropdown&amp;c1=easter&amp;clickedon=easter"
                  data-qa="main-menu-category"
                  role="button"
                  data-toggle="dropdown"
                  class="dropdown-toggle nav-link d-block d-lg-none"
                  style=""
                  aria-haspopup="true"
                  aria-expanded="false"
                >
                  Easter
                </a>
                <ul class="main-dropdown-menu dropdown-menu shadow mb-menu">
                  <li>
                    <!-- Content container to add padding -->
                    <div class="main-nav-content">
                      <div class="row no-gutters">
                        <div
                          class="col-submenu position-static border-right py-lg-4"
                        >
                          <ul
                            class="list-unstyled w-100 back-nav d-block d-lg-none"
                          >
                            <li class="mb-0">
                              <a
                                href="/en-GB/easter/inspiration?origin=dropdown&amp;c1=easter&amp;clickedon=easter"
                                class="float-left text-uppercase"
                                >Easter</a
                              ><a
                                id="menu-back-cta"
                                class="float-right js-back-cta menu-back-cta"
                                ><i class="fa fa-angle-left mr-2"></i> Back</a
                              >
                            </li>
                          </ul>
                          <ul id="level2" class="list-unstyled w-100">
                            <li class="submenu mb-0 mb-submenu level2Menu">
                              <a
                                class="dropdown-item d-none d-lg-block"
                                href="/en-GB/easter?origin=dropdown&amp;c1=easter&amp;c2=shopall-easter&amp;clickedon=shopall-easter"
                                target="_self"
                                style=""
                                aria-haspopup="true"
                              >
                                SHOP ALL EASTER </a
                              ><a
                                class="dropdown-item d-block d-lg-none"
                                href="/en-GB/easter?origin=dropdown&amp;c1=easter&amp;c2=shopall-easter&amp;clickedon=shopall-easter"
                                role="button"
                                target="_self"
                                style=""
                                aria-haspopup="true"
                              >
                                SHOP ALL EASTER
                              </a>
                            </li>
                            <li
                              class="dropdown-submenu mb-0 mb-submenu level2Menu"
                            >
                              <a
                                class="dropdown-item d-none d-lg-block"
                                href="/en-GB/easter/chocolate-eggs?origin=dropdown&amp;c1=easter&amp;c2=chocolate-eggs&amp;clickedon=chocolate-eggs"
                                target="_self"
                                style=""
                                aria-haspopup="true"
                              >
                                Chocolate &amp; Eggs
                              </a>
                              <a
                                class="dropdown-item d-block d-lg-none"
                                href="/en-GB/easter/chocolate-eggs?origin=dropdown&amp;c1=easter&amp;c2=chocolate-eggs&amp;clickedon=chocolate-eggs"
                                role="button"
                                target="_self"
                                style=""
                                aria-haspopup="true"
                              >
                                Chocolate &amp; Eggs
                              </a>
                              <div
                                class="dropdown-menu mb-submenulist second-nested-list"
                              >
                                <div class="row no-gutters">
                                  <div class="col-submenu border-right py-lg-4">
                                    <ul id="level3" class="list-unstyled">
                                      <li
                                        class="submenu mb-0 mb-submenu level3Menu"
                                      >
                                        <a
                                          class="dropdown-item"
                                          href="/en-GB/easter/chocolate-eggs?origin=dropdown&amp;c1=easter&amp;c2=chocolate-eggs&amp;c3=shopall-chocolate-eggs&amp;clickedon=shopall-chocolate-eggs"
                                          >SHOP ALL CHOCOLATE &amp; EGGS</a
                                        >
                                      </li>
                                      <li
                                        class="submenu mb-0 mb-submenu level3Menu"
                                      >
                                        <a
                                          class="dropdown-item"
                                          href="/en-GB/easter/chocolate-eggs/chocolate?origin=dropdown&amp;c1=easter&amp;c2=chocolate-eggs&amp;c3=chocolate&amp;clickedon=chocolate"
                                          >Chocolate</a
                                        >
                                      </li>
                                      <li
                                        class="submenu mb-0 mb-submenu level3Menu"
                                      >
                                        <a
                                          class="dropdown-item"
                                          href="/en-GB/easter/chocolate-eggs/eggs?origin=dropdown&amp;c1=easter&amp;c2=chocolate-eggs&amp;c3=eggs&amp;clickedon=eggs"
                                          >Eggs</a
                                        >
                                      </li>
                                      <li
                                        class="submenu mb-0 mb-submenu level3Menu"
                                      >
                                        <a
                                          class="dropdown-item"
                                          href="/en-GB/easter/chocolate-eggs/easter-egg-hunt?origin=dropdown&amp;c1=easter&amp;c2=chocolate-eggs&amp;c3=egg-hunt&amp;clickedon=egg-hunt"
                                          >Egg Hunt</a
                                        >
                                      </li>
                                      <li
                                        class="submenu mb-0 mb-submenu level3Menu"
                                      >
                                        <a
                                          class="dropdown-item"
                                          href="/en-GB/easter/chocolate-eggs/branded-eggs?origin=dropdown&amp;c1=easter&amp;c2=chocolate-eggs&amp;c3=branded-eggs&amp;clickedon=branded-eggs"
                                          >Branded Eggs</a
                                        >
                                      </li>
                                      <li
                                        class="submenu mb-0 mb-submenu level3Menu"
                                      >
                                        <a
                                          class="dropdown-item"
                                          href="/en-GB/easter/chocolate-eggs/teen-eggs?origin=dropdown&amp;c1=easter&amp;c2=chocolate-eggs&amp;c3=teen-eggs&amp;clickedon=teen-eggs"
                                          >Teen Eggs</a
                                        >
                                      </li>
                                      <li
                                        class="submenu mb-0 mb-submenu level3Menu"
                                      >
                                        <a
                                          class="dropdown-item"
                                          href="/en-GB/easter/chocolate-eggs/kids-eggs?origin=dropdown&amp;c1=easter&amp;c2=chocolate-eggs&amp;c3=kids-eggs&amp;clickedon=kids-eggs"
                                          >Kids Eggs</a
                                        >
                                      </li>
                                    </ul>
                                  </div>
                                </div>
                              </div>
                            </li>
                            <li class="submenu mb-0 mb-submenu level2Menu">
                              <a
                                class="dropdown-item d-none d-lg-block"
                                href="/en-GB/easter/hot-cross-buns?origin=dropdown&amp;c1=easter&amp;c2=hot-cross-buns&amp;clickedon=hot-cross-buns"
                                target="_self"
                                style=""
                                aria-haspopup="true"
                              >
                                Hot Cross Buns </a
                              ><a
                                class="dropdown-item d-block d-lg-none"
                                href="/en-GB/easter/hot-cross-buns?origin=dropdown&amp;c1=easter&amp;c2=hot-cross-buns&amp;clickedon=hot-cross-buns"
                                role="button"
                                target="_self"
                                style=""
                                aria-haspopup="true"
                              >
                                Hot Cross Buns
                              </a>
                            </li>
                            <li
                              class="dropdown-submenu mb-0 mb-submenu level2Menu"
                            >
                              <a
                                class="dropdown-item d-none d-lg-block"
                                href="/en-GB/easter/mains?origin=dropdown&amp;c1=easter&amp;c2=mains&amp;clickedon=mains"
                                target="_self"
                                style=""
                                aria-haspopup="true"
                              >
                                Mains
                              </a>
                              <a
                                class="dropdown-item d-block d-lg-none"
                                href="/en-GB/easter/mains?origin=dropdown&amp;c1=easter&amp;c2=mains&amp;clickedon=mains"
                                role="button"
                                target="_self"
                                style=""
                                aria-haspopup="true"
                              >
                                Mains
                              </a>
                              <div
                                class="dropdown-menu mb-submenulist second-nested-list"
                              >
                                <div class="row no-gutters">
                                  <div class="col-submenu border-right py-lg-4">
                                    <ul id="level3" class="list-unstyled">
                                      <li
                                        class="submenu mb-0 mb-submenu level3Menu"
                                      >
                                        <a
                                          class="dropdown-item"
                                          href="/en-GB/easter/mains?origin=dropdown&amp;c1=easter&amp;c2=mains&amp;c3=shopall-mains&amp;clickedon=shopall-mains"
                                          >SHOP ALL MAINS</a
                                        >
                                      </li>
                                      <li
                                        class="submenu mb-0 mb-submenu level3Menu"
                                      >
                                        <a
                                          class="dropdown-item"
                                          href="/en-GB/easter/mains/lamb?origin=dropdown&amp;c1=easter&amp;c2=mains&amp;c3=lamb&amp;clickedon=lamb"
                                          >Lamb</a
                                        >
                                      </li>
                                      <li
                                        class="submenu mb-0 mb-submenu level3Menu"
                                      >
                                        <a
                                          class="dropdown-item"
                                          href="/en-GB/easter/mains/pork?origin=dropdown&amp;c1=easter&amp;c2=mains&amp;c3=pork&amp;clickedon=pork"
                                          >Pork</a
                                        >
                                      </li>
                                      <li
                                        class="submenu mb-0 mb-submenu level3Menu"
                                      >
                                        <a
                                          class="dropdown-item"
                                          href="/en-GB/easter/mains/poultry?origin=dropdown&amp;c1=easter&amp;c2=mains&amp;c3=poultry&amp;clickedon=poultry"
                                          >Poultry</a
                                        >
                                      </li>
                                      <li
                                        class="submenu mb-0 mb-submenu level3Menu"
                                      >
                                        <a
                                          class="dropdown-item"
                                          href="/en-GB/easter/mains/fish-seafood?origin=dropdown&amp;c1=easter&amp;c2=mains&amp;c3=fish-seafood&amp;clickedon=fish-seafood"
                                          >Fish &amp; Seafood</a
                                        >
                                      </li>
                                      <li
                                        class="submenu mb-0 mb-submenu level3Menu"
                                      >
                                        <a
                                          class="dropdown-item"
                                          href="/en-GB/easter/mains/beef?origin=dropdown&amp;c1=easter&amp;c2=mains&amp;c3=beef&amp;clickedon=beef"
                                          >Beef</a
                                        >
                                      </li>
                                    </ul>
                                  </div>
                                </div>
                              </div>
                            </li>
                            <li class="submenu mb-0 mb-submenu level2Menu">
                              <a
                                class="dropdown-item d-none d-lg-block"
                                href="/en-GB/easter/sides?origin=dropdown&amp;c1=easter&amp;c2=sides&amp;clickedon=sides"
                                target="_self"
                                style=""
                                aria-haspopup="true"
                              >
                                Sides </a
                              ><a
                                class="dropdown-item d-block d-lg-none"
                                href="/en-GB/easter/sides?origin=dropdown&amp;c1=easter&amp;c2=sides&amp;clickedon=sides"
                                role="button"
                                target="_self"
                                style=""
                                aria-haspopup="true"
                              >
                                Sides
                              </a>
                            </li>
                            <li class="submenu mb-0 mb-submenu level2Menu">
                              <a
                                class="dropdown-item d-none d-lg-block"
                                href="/en-GB/easter/deli?origin=dropdown&amp;c1=easter&amp;c2=deli&amp;clickedon=deli"
                                target="_self"
                                style=""
                                aria-haspopup="true"
                              >
                                Deli </a
                              ><a
                                class="dropdown-item d-block d-lg-none"
                                href="/en-GB/easter/deli?origin=dropdown&amp;c1=easter&amp;c2=deli&amp;clickedon=deli"
                                role="button"
                                target="_self"
                                style=""
                                aria-haspopup="true"
                              >
                                Deli
                              </a>
                            </li>
                            <li class="submenu mb-0 mb-submenu level2Menu">
                              <a
                                class="dropdown-item d-none d-lg-block"
                                href="/en-GB/easter/desserts?origin=dropdown&amp;c1=easter&amp;c2=desserts&amp;clickedon=desserts"
                                target="_self"
                                style=""
                                aria-haspopup="true"
                              >
                                Desserts </a
                              ><a
                                class="dropdown-item d-block d-lg-none"
                                href="/en-GB/easter/desserts?origin=dropdown&amp;c1=easter&amp;c2=desserts&amp;clickedon=desserts"
                                role="button"
                                target="_self"
                                style=""
                                aria-haspopup="true"
                              >
                                Desserts
                              </a>
                            </li>
                            <li
                              class="dropdown-submenu mb-0 mb-submenu level2Menu"
                            >
                              <a
                                class="dropdown-item d-none d-lg-block"
                                href="/en-GB/easter/drinks?origin=dropdown&amp;c1=easter&amp;c2=drinks&amp;clickedon=drinks"
                                target="_self"
                                style=""
                                aria-haspopup="true"
                              >
                                Drinks
                              </a>
                              <a
                                class="dropdown-item d-block d-lg-none"
                                href="/en-GB/easter/drinks?origin=dropdown&amp;c1=easter&amp;c2=drinks&amp;clickedon=drinks"
                                role="button"
                                target="_self"
                                style=""
                                aria-haspopup="true"
                              >
                                Drinks
                              </a>
                              <div
                                class="dropdown-menu mb-submenulist second-nested-list"
                              >
                                <div class="row no-gutters">
                                  <div class="col-submenu border-right py-lg-4">
                                    <ul id="level3" class="list-unstyled">
                                      <li
                                        class="submenu mb-0 mb-submenu level3Menu"
                                      >
                                        <a
                                          class="dropdown-item"
                                          href="/en-GB/easter/drinks?origin=dropdown&amp;c1=easter&amp;c2=drinks&amp;c3=shopall-drinks&amp;clickedon=shopall-drinks"
                                          >SHOP ALL DRINKS</a
                                        >
                                      </li>
                                      <li
                                        class="submenu mb-0 mb-submenu level3Menu"
                                      >
                                        <a
                                          class="dropdown-item"
                                          href="/en-GB/easter/drinks/spirits?origin=dropdown&amp;c1=easter&amp;c2=drinks&amp;c3=spirits&amp;clickedon=spirits"
                                          >Spirits</a
                                        >
                                      </li>
                                      <li
                                        class="submenu mb-0 mb-submenu level3Menu"
                                      >
                                        <a
                                          class="dropdown-item"
                                          href="/en-GB/easter/drinks/beers-ciders?origin=dropdown&amp;c1=easter&amp;c2=drinks&amp;c3=beers-ciders&amp;clickedon=beers-ciders"
                                          >Beers &amp; Ciders</a
                                        >
                                      </li>
                                      <li
                                        class="submenu mb-0 mb-submenu level3Menu"
                                      >
                                        <a
                                          class="dropdown-item"
                                          href="/en-GB/easter/drinks/soft-drinks-mixers?origin=dropdown&amp;c1=easter&amp;c2=drinks&amp;c3=soft-drinks-mixers&amp;clickedon=soft-drinks-mixers"
                                          >Soft Drinks &amp; Mixers</a
                                        >
                                      </li>
                                      <li
                                        class="submenu mb-0 mb-submenu level3Menu"
                                      >
                                        <a
                                          class="dropdown-item"
                                          href="/en-GB/easter/drinks/wines?origin=dropdown&amp;c1=easter&amp;c2=drinks&amp;c3=wines&amp;clickedon=wines"
                                          >Wines</a
                                        >
                                      </li>
                                    </ul>
                                  </div>
                                </div>
                              </div>
                            </li>
                            <li class="submenu mb-0 mb-submenu level2Menu">
                              <a
                                class="dropdown-item d-none d-lg-block"
                                href="/en-GB/easter/vegan-vegetarian?origin=dropdown&amp;c1=easter&amp;c2=vegan-vegetarian&amp;clickedon=vegan-vegetarian"
                                target="_self"
                                style=""
                                aria-haspopup="true"
                              >
                                Vegan &amp; Vegetarian </a
                              ><a
                                class="dropdown-item d-block d-lg-none"
                                href="/en-GB/easter/vegan-vegetarian?origin=dropdown&amp;c1=easter&amp;c2=vegan-vegetarian&amp;clickedon=vegan-vegetarian"
                                role="button"
                                target="_self"
                                style=""
                                aria-haspopup="true"
                              >
                                Vegan &amp; Vegetarian
                              </a>
                            </li>
                            <li class="submenu mb-0 mb-submenu level2Menu">
                              <a
                                class="dropdown-item d-none d-lg-block"
                                href="/en-GB/easter/offers?origin=dropdown&amp;c1=easter&amp;c2=offers&amp;clickedon=offers"
                                target="_self"
                                style=""
                                aria-haspopup="true"
                              >
                                Offers </a
                              ><a
                                class="dropdown-item d-block d-lg-none"
                                href="/en-GB/easter/offers?origin=dropdown&amp;c1=easter&amp;c2=offers&amp;clickedon=offers"
                                role="button"
                                target="_self"
                                style=""
                                aria-haspopup="true"
                              >
                                Offers
                              </a>
                            </li>
                            <li class="submenu mb-0 mb-submenu level2Menu">
                              <a
                                class="dropdown-item d-none d-lg-block"
                                href="/en-GB/easter/inspiration?origin=dropdown&amp;c1=easter&amp;c2=easter-inspiration&amp;clickedon=easter-inspiration"
                                target="_self"
                                style=""
                                aria-haspopup="true"
                              >
                                Easter Inspiration </a
                              ><a
                                class="dropdown-item d-block d-lg-none"
                                href="/en-GB/easter/inspiration?origin=dropdown&amp;c1=easter&amp;c2=easter-inspiration&amp;clickedon=easter-inspiration"
                                role="button"
                                target="_self"
                                style=""
                                aria-haspopup="true"
                              >
                                Easter Inspiration
                              </a>
                            </li>
                            <li class="submenu mb-0 mb-submenu level2Menu">
                              <a
                                class="dropdown-item d-none d-lg-block"
                                href="/en-GB/easter/inspiration/roasts?origin=dropdown&amp;c1=easter&amp;c2=roasts&amp;clickedon=roasts"
                                target="_self"
                                style=""
                                aria-haspopup="true"
                              >
                                Roasts </a
                              ><a
                                class="dropdown-item d-block d-lg-none"
                                href="/en-GB/easter/inspiration/roasts?origin=dropdown&amp;c1=easter&amp;c2=roasts&amp;clickedon=roasts"
                                role="button"
                                target="_self"
                                style=""
                                aria-haspopup="true"
                              >
                                Roasts
                              </a>
                            </li>
                            <li class="submenu mb-0 mb-submenu level2Menu">
                              <a
                                class="dropdown-item d-none d-lg-block"
                                href="/en-GB/easter/inspiration/chocolate-eggs?origin=dropdown&amp;c1=easter&amp;c2=chocolate-eggs&amp;clickedon=chocolate-eggs"
                                target="_self"
                                style=""
                                aria-haspopup="true"
                              >
                                Chocolate &amp; Eggs </a
                              ><a
                                class="dropdown-item d-block d-lg-none"
                                href="/en-GB/easter/inspiration/chocolate-eggs?origin=dropdown&amp;c1=easter&amp;c2=chocolate-eggs&amp;clickedon=chocolate-eggs"
                                role="button"
                                target="_self"
                                style=""
                                aria-haspopup="true"
                              >
                                Chocolate &amp; Eggs
                              </a>
                            </li>
                            <li
                              id="static-menubar"
                              class="help-nav d-block d-lg-none"
                            >
                              <a href="/en-GB/FAQ"
                                ><i class="icoaldi-help mr-2"></i> Help
                              </a>
                            </li>
                          </ul>
                        </div>
                      </div>
                    </div>
                  </li>
                </ul>
              </li>
              <li class="nav-item dropdown mb-mainmenu">
                <a
                  href="/en-GB/beers-wines-spirits?origin=dropdown&amp;c1=beers-wines-spirits&amp;clickedon=beers-wines-spirits"
                  data-qa="main-menu-category-link"
                  target="_self"
                  style=""
                  class="nav-link"
                >
                  Beers, Wines &amp; Spirits
                </a>
              </li>
              <li class="nav-item dropdown mb-mainmenu">
                <a
                  id="IsNonMobile"
                  href="/en-GB/Inspiration?origin=dropdown&amp;c1=inspiration&amp;clickedon=inspiration"
                  data-qa="main-menu-category"
                  role="button"
                  class="dropdown-toggle nav-link d-none d-lg-block"
                  style=""
                  aria-haspopup="true"
                >
                  Inspiration
                </a>
                <a
                  href="/en-GB/Inspiration?origin=dropdown&amp;c1=inspiration&amp;clickedon=inspiration"
                  data-qa="main-menu-category"
                  role="button"
                  data-toggle="dropdown"
                  class="dropdown-toggle nav-link d-block d-lg-none"
                  style=""
                  aria-haspopup="true"
                  aria-expanded="false"
                >
                  Inspiration
                </a>
                <ul class="main-dropdown-menu dropdown-menu shadow mb-menu">
                  <li>
                    <!-- Content container to add padding -->
                    <div class="main-nav-content">
                      <div class="row no-gutters">
                        <div
                          class="col-submenu position-static border-right py-lg-4"
                        >
                          <ul
                            class="list-unstyled w-100 back-nav d-block d-lg-none"
                          >
                            <li class="mb-0">
                              <a
                                href="/en-GB/Inspiration?origin=dropdown&amp;c1=inspiration&amp;clickedon=inspiration"
                                class="float-left text-uppercase"
                                >Inspiration</a
                              ><a
                                id="menu-back-cta"
                                class="float-right js-back-cta menu-back-cta"
                                ><i class="fa fa-angle-left mr-2"></i> Back</a
                              >
                            </li>
                          </ul>
                          <ul id="level2" class="list-unstyled w-100">
                            <li
                              class="dropdown-submenu mb-0 mb-submenu level2Menu"
                            >
                              <a
                                class="dropdown-item d-none d-lg-block"
                                href="/en-GB/mothers-day/inspiration?origin=dropdown&amp;c1=inspiration&amp;c2=mothers-day&amp;clickedon=mothers-day"
                                target="_self"
                                style=""
                                aria-haspopup="true"
                              >
                                Mother's Day
                              </a>
                              <a
                                class="dropdown-item d-block d-lg-none"
                                href="/en-GB/mothers-day/inspiration?origin=dropdown&amp;c1=inspiration&amp;c2=mothers-day&amp;clickedon=mothers-day"
                                role="button"
                                target="_self"
                                style=""
                                aria-haspopup="true"
                              >
                                Mother's Day
                              </a>
                              <div
                                class="dropdown-menu mb-submenulist second-nested-list"
                              >
                                <div class="row no-gutters">
                                  <div class="col-submenu border-right py-lg-4">
                                    <ul id="level3" class="list-unstyled">
                                      <li
                                        class="submenu mb-0 mb-submenu level3Menu"
                                      >
                                        <a
                                          class="dropdown-item"
                                          href="/en-GB/mothers-day?origin=dropdown&amp;c1=inspiration&amp;c2=mothers-day&amp;c3=shopall-mothers-day&amp;clickedon=shopall-mothers-day"
                                          >SHOP ALL MOTHER'S DAY</a
                                        >
                                      </li>
                                      <li
                                        class="submenu mb-0 mb-submenu level3Menu"
                                      >
                                        <a
                                          class="dropdown-item"
                                          href="/en-GB/mothers-day/breakfast-in-bed?origin=dropdown&amp;c1=inspiration&amp;c2=mothers-day&amp;c3=breakfast-in-bed&amp;clickedon=breakfast-in-bed"
                                          >Breakfast in Bed</a
                                        >
                                      </li>
                                      <li
                                        class="submenu mb-0 mb-submenu level3Menu"
                                      >
                                        <a
                                          class="dropdown-item"
                                          href="/en-GB/mothers-day/mains?origin=dropdown&amp;c1=inspiration&amp;c2=mothers-day&amp;c3=mains&amp;clickedon=mains"
                                          >Mains</a
                                        >
                                      </li>
                                      <li
                                        class="submenu mb-0 mb-submenu level3Menu"
                                      >
                                        <a
                                          class="dropdown-item"
                                          href="/en-GB/mothers-day/sides?origin=dropdown&amp;c1=inspiration&amp;c2=mothers-day&amp;c3=sides&amp;clickedon=sides"
                                          >Sides</a
                                        >
                                      </li>
                                      <li
                                        class="submenu mb-0 mb-submenu level3Menu"
                                      >
                                        <a
                                          class="dropdown-item"
                                          href="/en-GB/mothers-day/desserts?origin=dropdown&amp;c1=inspiration&amp;c2=mothers-day&amp;c3=desserts&amp;clickedon=desserts"
                                          >Desserts</a
                                        >
                                      </li>
                                      <li
                                        class="submenu mb-0 mb-submenu level3Menu"
                                      >
                                        <a
                                          class="dropdown-item"
                                          href="/en-GB/mothers-day/drinks?origin=dropdown&amp;c1=inspiration&amp;c2=mothers-day&amp;c3=drinks&amp;clickedon=drinks"
                                          >Drinks</a
                                        >
                                      </li>
                                      <li
                                        class="submenu mb-0 mb-submenu level3Menu"
                                      >
                                        <a
                                          class="dropdown-item"
                                          href="/en-GB/mothers-day/afternoon-tea?origin=dropdown&amp;c1=inspiration&amp;c2=mothers-day&amp;c3=afternoon-tea&amp;clickedon=afternoon-tea"
                                          >Afternoon Tea</a
                                        >
                                      </li>
                                      <li
                                        class="submenu mb-0 mb-submenu level3Menu"
                                      >
                                        <a
                                          class="dropdown-item"
                                          href="/en-GB/mothers-day/flowers-and-gifts?origin=dropdown&amp;c1=inspiration&amp;c2=mothers-day&amp;c3=flowers-and-gifts&amp;clickedon=flowers-and-gifts"
                                          >Flowers and Gifts</a
                                        >
                                      </li>
                                      <li
                                        class="submenu mb-0 mb-submenu level3Menu"
                                      >
                                        <a
                                          class="dropdown-item"
                                          href="/en-GB/mothers-day/inspiration?origin=dropdown&amp;c1=inspiration&amp;c2=mothers-day&amp;c3=mothers-day-inspiration&amp;clickedon=mothers-day-inspiration"
                                          >Mother's Day Inspiration</a
                                        >
                                      </li>
                                    </ul>
                                  </div>
                                </div>
                              </div>
                            </li>
                            <li class="submenu mb-0 mb-submenu level2Menu">
                              <a
                                class="dropdown-item d-none d-lg-block"
                                href="/en-GB/new?origin=dropdown&amp;c1=inspiration&amp;c2=im-new&amp;clickedon=im-new"
                                target="_self"
                                style=""
                                aria-haspopup="true"
                              >
                                I'm New </a
                              ><a
                                class="dropdown-item d-block d-lg-none"
                                href="/en-GB/new?origin=dropdown&amp;c1=inspiration&amp;c2=im-new&amp;clickedon=im-new"
                                role="button"
                                target="_self"
                                style=""
                                aria-haspopup="true"
                              >
                                I'm New
                              </a>
                            </li>
                            <li
                              class="dropdown-submenu mb-0 mb-submenu level2Menu"
                            >
                              <a
                                class="dropdown-item d-none d-lg-block"
                                href="/en-GB/healthy-meals?origin=dropdown&amp;c1=inspiration&amp;c2=healthy-meals&amp;clickedon=healthy-meals"
                                target="_self"
                                style=""
                                aria-haspopup="true"
                              >
                                Healthy Meals
                              </a>
                              <a
                                class="dropdown-item d-block d-lg-none"
                                href="/en-GB/healthy-meals?origin=dropdown&amp;c1=inspiration&amp;c2=healthy-meals&amp;clickedon=healthy-meals"
                                role="button"
                                target="_self"
                                style=""
                                aria-haspopup="true"
                              >
                                Healthy Meals
                              </a>
                              <div
                                class="dropdown-menu mb-submenulist second-nested-list"
                              >
                                <div class="row no-gutters">
                                  <div class="col-submenu border-right py-lg-4">
                                    <ul id="level3" class="list-unstyled">
                                      <li
                                        class="submenu mb-0 mb-submenu level3Menu"
                                      >
                                        <a
                                          class="dropdown-item"
                                          href="/en-GB/healthy-meals?origin=dropdown&amp;c1=inspiration&amp;c2=healthy-meals&amp;c3=shopall-healthy-meals&amp;clickedon=shopall-healthy-meals"
                                          >SHOP ALL HEALTHY MEALS</a
                                        >
                                      </li>
                                      <li
                                        class="submenu mb-0 mb-submenu level3Menu"
                                      >
                                        <a
                                          class="dropdown-item"
                                          href="/en-GB/healthy-meals/breakfast?origin=dropdown&amp;c1=inspiration&amp;c2=healthy-meals&amp;c3=breakfast&amp;clickedon=breakfast"
                                          >Breakfast</a
                                        >
                                      </li>
                                      <li
                                        class="submenu mb-0 mb-submenu level3Menu"
                                      >
                                        <a
                                          class="dropdown-item"
                                          href="/en-GB/healthy-meals/lunch?origin=dropdown&amp;c1=inspiration&amp;c2=healthy-meals&amp;c3=lunch&amp;clickedon=lunch"
                                          >Lunch</a
                                        >
                                      </li>
                                      <li
                                        class="submenu mb-0 mb-submenu level3Menu"
                                      >
                                        <a
                                          class="dropdown-item"
                                          href="/en-GB/healthy-meals/dinner?origin=dropdown&amp;c1=inspiration&amp;c2=healthy-meals&amp;c3=dinner&amp;clickedon=dinner"
                                          >Dinner</a
                                        >
                                      </li>
                                    </ul>
                                  </div>
                                </div>
                              </div>
                            </li>
                            <li
                              class="dropdown-submenu mb-0 mb-submenu level2Menu"
                            >
                              <a
                                class="dropdown-item d-none d-lg-block"
                                href="/en-GB/lunch-box?origin=dropdown&amp;c1=inspiration&amp;c2=lunch-box-favourites&amp;clickedon=lunch-box-favourites"
                                target="_self"
                                style=""
                                aria-haspopup="true"
                              >
                                Lunch Box Favourites
                              </a>
                              <a
                                class="dropdown-item d-block d-lg-none"
                                href="/en-GB/lunch-box?origin=dropdown&amp;c1=inspiration&amp;c2=lunch-box-favourites&amp;clickedon=lunch-box-favourites"
                                role="button"
                                target="_self"
                                style=""
                                aria-haspopup="true"
                              >
                                Lunch Box Favourites
                              </a>
                              <div
                                class="dropdown-menu mb-submenulist second-nested-list"
                              >
                                <div class="row no-gutters">
                                  <div class="col-submenu border-right py-lg-4">
                                    <ul id="level3" class="list-unstyled">
                                      <li
                                        class="submenu mb-0 mb-submenu level3Menu"
                                      >
                                        <a
                                          class="dropdown-item"
                                          href="/en-GB/lunch-box?origin=dropdown&amp;c1=inspiration&amp;c2=lunch-box-favourites&amp;c3=shopall-lunch-box&amp;clickedon=shopall-lunch-box"
                                          >SHOP ALL LUNCH BOX</a
                                        >
                                      </li>
                                      <li
                                        class="submenu mb-0 mb-submenu level3Menu"
                                      >
                                        <a
                                          class="dropdown-item"
                                          href="/en-GB/lunch-box/build-your-sandwich?origin=dropdown&amp;c1=inspiration&amp;c2=lunch-box-favourites&amp;c3=build-your-sandwich&amp;clickedon=build-your-sandwich"
                                          >Build Your Sandwich</a
                                        >
                                      </li>
                                      <li
                                        class="submenu mb-0 mb-submenu level3Menu"
                                      >
                                        <a
                                          class="dropdown-item"
                                          href="/en-GB/lunch-box/lunch-box-snacks?origin=dropdown&amp;c1=inspiration&amp;c2=lunch-box-favourites&amp;c3=lunch-box-snacks&amp;clickedon=lunch-box-snacks"
                                          >Lunch Box Snacks</a
                                        >
                                      </li>
                                      <li
                                        class="submenu mb-0 mb-submenu level3Menu"
                                      >
                                        <a
                                          class="dropdown-item"
                                          href="/en-GB/lunch-box/lunch-box-drinks?origin=dropdown&amp;c1=inspiration&amp;c2=lunch-box-favourites&amp;c3=lunch-box-drinks&amp;clickedon=lunch-box-drinks"
                                          >Lunch Box Drinks</a
                                        >
                                      </li>
                                    </ul>
                                  </div>
                                </div>
                              </div>
                            </li>
                            <li class="submenu mb-0 mb-submenu level2Menu">
                              <a
                                class="dropdown-item d-none d-lg-block"
                                href="/en-GB/midweek-meals?origin=dropdown&amp;c1=inspiration&amp;c2=midweek-meals&amp;clickedon=midweek-meals"
                                target="_self"
                                style=""
                                aria-haspopup="true"
                              >
                                Midweek Meals </a
                              ><a
                                class="dropdown-item d-block d-lg-none"
                                href="/en-GB/midweek-meals?origin=dropdown&amp;c1=inspiration&amp;c2=midweek-meals&amp;clickedon=midweek-meals"
                                role="button"
                                target="_self"
                                style=""
                                aria-haspopup="true"
                              >
                                Midweek Meals
                              </a>
                            </li>
                            <li
                              class="dropdown-submenu mb-0 mb-submenu level2Menu"
                            >
                              <a
                                class="dropdown-item d-none d-lg-block"
                                href="/en-GB/big-night-in?origin=dropdown&amp;c1=inspiration&amp;c2=big-night-in&amp;clickedon=big-night-in"
                                target="_self"
                                style=""
                                aria-haspopup="true"
                              >
                                Big Night In
                              </a>
                              <a
                                class="dropdown-item d-block d-lg-none"
                                href="/en-GB/big-night-in?origin=dropdown&amp;c1=inspiration&amp;c2=big-night-in&amp;clickedon=big-night-in"
                                role="button"
                                target="_self"
                                style=""
                                aria-haspopup="true"
                              >
                                Big Night In
                              </a>
                              <div
                                class="dropdown-menu mb-submenulist second-nested-list"
                              >
                                <div class="row no-gutters">
                                  <div class="col-submenu border-right py-lg-4">
                                    <ul id="level3" class="list-unstyled">
                                      <li
                                        class="submenu mb-0 mb-submenu level3Menu"
                                      >
                                        <a
                                          class="dropdown-item"
                                          href="/en-GB/big-night-in?origin=dropdown&amp;c1=inspiration&amp;c2=big-night-in&amp;c3=shopall-big-night-in&amp;clickedon=shopall-big-night-in"
                                          >SHOP ALL BIG NIGHT IN</a
                                        >
                                      </li>
                                      <li
                                        class="submenu mb-0 mb-submenu level3Menu"
                                      >
                                        <a
                                          class="dropdown-item"
                                          href="/en-GB/big-night-in/taste-of-greece?origin=dropdown&amp;c1=inspiration&amp;c2=big-night-in&amp;c3=taste-of-greece&amp;clickedon=taste-of-greece"
                                          >Taste of Greece</a
                                        >
                                      </li>
                                      <li
                                        class="submenu mb-0 mb-submenu level3Menu"
                                      >
                                        <a
                                          class="dropdown-item"
                                          href="/en-GB/big-night-in/taste-of-germany?origin=dropdown&amp;c1=inspiration&amp;c2=big-night-in&amp;c3=taste-of-germany&amp;clickedon=taste-of-germany"
                                          >Taste of Germany</a
                                        >
                                      </li>
                                      <li
                                        class="dropdown-submenu mb-0 mb-submenu level3Menu"
                                      >
                                        <a
                                          style=""
                                          aria-haspopup="true"
                                          class="dropdown-item d-none d-lg-block"
                                          href="/en-GB/big-night-in/taste-of-asia?origin=dropdown&amp;c1=inspiration&amp;c2=big-night-in&amp;c3=taste-of-asia&amp;clickedon=taste-of-asia"
                                          >Taste of Asia</a
                                        >
                                        <a
                                          role="button"
                                          style=""
                                          aria-haspopup="true"
                                          class="dropdown-item d-block d-lg-none"
                                          href="/en-GB/big-night-in/taste-of-asia?origin=dropdown&amp;c1=inspiration&amp;c2=big-night-in&amp;c3=taste-of-asia&amp;clickedon=taste-of-asia"
                                          >Taste of Asia</a
                                        >
                                        <div
                                          class="dropdown-menu mb-submenulist last-nested-list"
                                        >
                                          <div class="row no-gutters">
                                            <div
                                              class="col-innermost-menu py-lg-4"
                                            >
                                              <ul class="list-unstyled pb-lg-2">
                                                <li
                                                  class="mb-0 mb-submenu level4Menu"
                                                >
                                                  <a
                                                    class="dropdown-item"
                                                    href="/en-GB/big-night-in/taste-of-asia?origin=dropdown&amp;c1=inspiration&amp;c2=big-night-in&amp;c3=taste-of-asia&amp;c4=shopall-taste-of-asia&amp;clickedon=shopall-taste-of-asia"
                                                    >SHOP ALL TASTE OF ASIA</a
                                                  >
                                                </li>
                                                <li
                                                  class="mb-0 mb-submenu level4Menu"
                                                >
                                                  <a
                                                    class="dropdown-item"
                                                    href="/en-GB/big-night-in/taste-of-asia/curry-rice?origin=dropdown&amp;c1=inspiration&amp;c2=big-night-in&amp;c3=taste-of-asia&amp;c4=curry-rice&amp;clickedon=curry-rice"
                                                    >Curry &amp; Rice</a
                                                  >
                                                </li>
                                                <li
                                                  class="mb-0 mb-submenu level4Menu"
                                                >
                                                  <a
                                                    class="dropdown-item"
                                                    href="/en-GB/big-night-in/taste-of-asia/stir-fry-noodles?origin=dropdown&amp;c1=inspiration&amp;c2=big-night-in&amp;c3=taste-of-asia&amp;c4=stir-fry-noodles&amp;clickedon=stir-fry-noodles"
                                                    >Stir Fry Noodles</a
                                                  >
                                                </li>
                                              </ul>
                                            </div>
                                          </div>
                                        </div>
                                      </li>
                                      <li
                                        class="submenu mb-0 mb-submenu level3Menu"
                                      >
                                        <a
                                          class="dropdown-item"
                                          href="/en-GB/big-night-in/taste-of-mexico?origin=dropdown&amp;c1=inspiration&amp;c2=big-night-in&amp;c3=taste-of-mexico&amp;clickedon=taste-of-mexico"
                                          >Taste of Mexico</a
                                        >
                                      </li>
                                      <li
                                        class="dropdown-submenu mb-0 mb-submenu level3Menu"
                                      >
                                        <a
                                          style=""
                                          aria-haspopup="true"
                                          class="dropdown-item d-none d-lg-block"
                                          href="/en-GB/big-night-in/taste-of-italy?origin=dropdown&amp;c1=inspiration&amp;c2=big-night-in&amp;c3=taste-of-italy&amp;clickedon=taste-of-italy"
                                          >Taste of Italy</a
                                        >
                                        <a
                                          role="button"
                                          style=""
                                          aria-haspopup="true"
                                          class="dropdown-item d-block d-lg-none"
                                          href="/en-GB/big-night-in/taste-of-italy?origin=dropdown&amp;c1=inspiration&amp;c2=big-night-in&amp;c3=taste-of-italy&amp;clickedon=taste-of-italy"
                                          >Taste of Italy</a
                                        >
                                        <div
                                          class="dropdown-menu mb-submenulist last-nested-list"
                                        >
                                          <div class="row no-gutters">
                                            <div
                                              class="col-innermost-menu py-lg-4"
                                            >
                                              <ul class="list-unstyled pb-lg-2">
                                                <li
                                                  class="mb-0 mb-submenu level4Menu"
                                                >
                                                  <a
                                                    class="dropdown-item"
                                                    href="/en-GB/big-night-in/taste-of-italy?origin=dropdown&amp;c1=inspiration&amp;c2=big-night-in&amp;c3=taste-of-italy&amp;c4=shopall-taste-of-italy&amp;clickedon=shopall-taste-of-italy"
                                                    >SHOP ALL TASTE OF ITALY</a
                                                  >
                                                </li>
                                                <li
                                                  class="mb-0 mb-submenu level4Menu"
                                                >
                                                  <a
                                                    class="dropdown-item"
                                                    href="/en-GB/big-night-in/taste-of-italy/pasta?origin=dropdown&amp;c1=inspiration&amp;c2=big-night-in&amp;c3=taste-of-italy&amp;c4=pasta&amp;clickedon=pasta"
                                                    >Pasta</a
                                                  >
                                                </li>
                                                <li
                                                  class="mb-0 mb-submenu level4Menu"
                                                >
                                                  <a
                                                    class="dropdown-item"
                                                    href="/en-GB/big-night-in/taste-of-italy/ready-pizza-garlic-bread?origin=dropdown&amp;c1=inspiration&amp;c2=big-night-in&amp;c3=taste-of-italy&amp;c4=ready-pizza-garlic-bread&amp;clickedon=ready-pizza-garlic-bread"
                                                    >Ready Pizza &amp; Garlic
                                                    Bread</a
                                                  >
                                                </li>
                                                <li
                                                  class="mb-0 mb-submenu level4Menu"
                                                >
                                                  <a
                                                    class="dropdown-item"
                                                    href="/en-GB/big-night-in/taste-of-italy/make-your-pizza?origin=dropdown&amp;c1=inspiration&amp;c2=big-night-in&amp;c3=taste-of-italy&amp;c4=make-your-pizza&amp;clickedon=make-your-pizza"
                                                    >Make Your Pizza</a
                                                  >
                                                </li>
                                                <li
                                                  class="mb-0 mb-submenu level4Menu"
                                                >
                                                  <a
                                                    class="dropdown-item"
                                                    href="/en-GB/big-night-in/taste-of-italy/wine?origin=dropdown&amp;c1=inspiration&amp;c2=big-night-in&amp;c3=taste-of-italy&amp;c4=wine&amp;clickedon=wine"
                                                    >Wine</a
                                                  >
                                                </li>
                                              </ul>
                                            </div>
                                          </div>
                                        </div>
                                      </li>
                                      <li
                                        class="submenu mb-0 mb-submenu level3Menu"
                                      >
                                        <a
                                          class="dropdown-item"
                                          href="/en-GB/big-night-in/taste-of-spain?origin=dropdown&amp;c1=inspiration&amp;c2=big-night-in&amp;c3=taste-of-spain&amp;clickedon=taste-of-spain"
                                          >Taste of Spain</a
                                        >
                                      </li>
                                      <li
                                        class="submenu mb-0 mb-submenu level3Menu"
                                      >
                                        <a
                                          class="dropdown-item"
                                          href="/en-GB/big-night-in/taste-of-america?origin=dropdown&amp;c1=inspiration&amp;c2=big-night-in&amp;c3=taste-of-america&amp;clickedon=taste-of-america"
                                          >Taste of America</a
                                        >
                                      </li>
                                      <li
                                        class="submenu mb-0 mb-submenu level3Menu"
                                      >
                                        <a
                                          class="dropdown-item"
                                          href="/en-GB/big-night-in/pub-food?origin=dropdown&amp;c1=inspiration&amp;c2=big-night-in&amp;c3=pub-food&amp;clickedon=pub-food"
                                          >Pub Food</a
                                        >
                                      </li>
                                      <li
                                        class="submenu mb-0 mb-submenu level3Menu"
                                      >
                                        <a
                                          class="dropdown-item"
                                          href="/en-GB/big-night-in/sides-snacks?origin=dropdown&amp;c1=inspiration&amp;c2=big-night-in&amp;c3=sides-snacks&amp;clickedon=sides-snacks"
                                          >Sides &amp; Snacks</a
                                        >
                                      </li>
                                      <li
                                        class="submenu mb-0 mb-submenu level3Menu"
                                      >
                                        <a
                                          class="dropdown-item"
                                          href="/en-GB/big-night-in/drinks?origin=dropdown&amp;c1=inspiration&amp;c2=big-night-in&amp;c3=alcohol-soft-drinks&amp;clickedon=alcohol-soft-drinks"
                                          >Alcohol &amp; Soft Drinks</a
                                        >
                                      </li>
                                      <li
                                        class="submenu mb-0 mb-submenu level3Menu"
                                      >
                                        <a
                                          class="dropdown-item"
                                          href="/en-GB/big-night-in/desserts?origin=dropdown&amp;c1=inspiration&amp;c2=big-night-in&amp;c3=desserts&amp;clickedon=desserts"
                                          >Desserts</a
                                        >
                                      </li>
                                    </ul>
                                  </div>
                                </div>
                              </div>
                            </li>
                            <li
                              class="dropdown-submenu mb-0 mb-submenu level2Menu"
                            >
                              <a
                                class="dropdown-item d-none d-lg-block"
                                href="/en-GB/vegan-range?origin=dropdown&amp;c1=inspiration&amp;c2=vegan-range&amp;clickedon=vegan-range"
                                target="_self"
                                style=""
                                aria-haspopup="true"
                              >
                                Vegan Range
                              </a>
                              <a
                                class="dropdown-item d-block d-lg-none"
                                href="/en-GB/vegan-range?origin=dropdown&amp;c1=inspiration&amp;c2=vegan-range&amp;clickedon=vegan-range"
                                role="button"
                                target="_self"
                                style=""
                                aria-haspopup="true"
                              >
                                Vegan Range
                              </a>
                              <div
                                class="dropdown-menu mb-submenulist second-nested-list"
                              >
                                <div class="row no-gutters">
                                  <div class="col-submenu border-right py-lg-4">
                                    <ul id="level3" class="list-unstyled">
                                      <li
                                        class="submenu mb-0 mb-submenu level3Menu"
                                      >
                                        <a
                                          class="dropdown-item"
                                          href="/en-GB/vegan-range?origin=dropdown&amp;c1=inspiration&amp;c2=vegan-range&amp;c3=shopall-vegan-range&amp;clickedon=shopall-vegan-range"
                                          >SHOP ALL VEGAN RANGE</a
                                        >
                                      </li>
                                      <li
                                        class="submenu mb-0 mb-submenu level3Menu"
                                      >
                                        <a
                                          class="dropdown-item"
                                          href="/en-GB/vegan-range/vegan-food?origin=dropdown&amp;c1=inspiration&amp;c2=vegan-range&amp;c3=vegan-food&amp;clickedon=vegan-food"
                                          >Vegan Food</a
                                        >
                                      </li>
                                      <li
                                        class="submenu mb-0 mb-submenu level3Menu"
                                      >
                                        <a
                                          class="dropdown-item"
                                          href="/en-GB/vegan-range/vegan-drinks?origin=dropdown&amp;c1=inspiration&amp;c2=vegan-range&amp;c3=vegan-drinks&amp;clickedon=vegan-drinks"
                                          >Vegan Drinks</a
                                        >
                                      </li>
                                    </ul>
                                  </div>
                                </div>
                              </div>
                            </li>
                            <li
                              class="dropdown-submenu mb-0 mb-submenu level2Menu"
                            >
                              <a
                                class="dropdown-item d-none d-lg-block"
                                href="/en-GB/roast-dinner?origin=dropdown&amp;c1=inspiration&amp;c2=roast-dinner&amp;clickedon=roast-dinner"
                                target="_self"
                                style=""
                                aria-haspopup="true"
                              >
                                Roast Dinner
                              </a>
                              <a
                                class="dropdown-item d-block d-lg-none"
                                href="/en-GB/roast-dinner?origin=dropdown&amp;c1=inspiration&amp;c2=roast-dinner&amp;clickedon=roast-dinner"
                                role="button"
                                target="_self"
                                style=""
                                aria-haspopup="true"
                              >
                                Roast Dinner
                              </a>
                              <div
                                class="dropdown-menu mb-submenulist second-nested-list"
                              >
                                <div class="row no-gutters">
                                  <div class="col-submenu border-right py-lg-4">
                                    <ul id="level3" class="list-unstyled">
                                      <li
                                        class="submenu mb-0 mb-submenu level3Menu"
                                      >
                                        <a
                                          class="dropdown-item"
                                          href="/en-GB/roast-dinner?origin=dropdown&amp;c1=inspiration&amp;c2=roast-dinner&amp;c3=shopall-roast-dinner&amp;clickedon=shopall-roast-dinner"
                                          >SHOP ALL ROAST DINNER</a
                                        >
                                      </li>
                                      <li
                                        class="submenu mb-0 mb-submenu level3Menu"
                                      >
                                        <a
                                          class="dropdown-item"
                                          href="/en-GB/roast-dinner/mains?origin=dropdown&amp;c1=inspiration&amp;c2=roast-dinner&amp;c3=mains&amp;clickedon=mains"
                                          >Mains</a
                                        >
                                      </li>
                                      <li
                                        class="submenu mb-0 mb-submenu level3Menu"
                                      >
                                        <a
                                          class="dropdown-item"
                                          href="/en-GB/roast-dinner/sides?origin=dropdown&amp;c1=inspiration&amp;c2=roast-dinner&amp;c3=sides&amp;clickedon=sides"
                                          >Sides</a
                                        >
                                      </li>
                                      <li
                                        class="submenu mb-0 mb-submenu level3Menu"
                                      >
                                        <a
                                          class="dropdown-item"
                                          href="/en-GB/roast-dinner/herbs-condiments?origin=dropdown&amp;c1=inspiration&amp;c2=roast-dinner&amp;c3=herbs-condiments&amp;clickedon=herbs-condiments"
                                          >Herbs &amp; Condiments</a
                                        >
                                      </li>
                                      <li
                                        class="submenu mb-0 mb-submenu level3Menu"
                                      >
                                        <a
                                          class="dropdown-item"
                                          href="/en-GB/roast-dinner/puddings?origin=dropdown&amp;c1=inspiration&amp;c2=roast-dinner&amp;c3=puddings&amp;clickedon=puddings"
                                          >Puddings</a
                                        >
                                      </li>
                                    </ul>
                                  </div>
                                </div>
                              </div>
                            </li>
                            <li
                              class="dropdown-submenu mb-0 mb-submenu level2Menu"
                            >
                              <a
                                class="dropdown-item d-none d-lg-block"
                                href="/en-GB/afternoon-tea?origin=dropdown&amp;c1=inspiration&amp;c2=afternoon-tea&amp;clickedon=afternoon-tea"
                                target="_self"
                                style=""
                                aria-haspopup="true"
                              >
                                Afternoon Tea
                              </a>
                              <a
                                class="dropdown-item d-block d-lg-none"
                                href="/en-GB/afternoon-tea?origin=dropdown&amp;c1=inspiration&amp;c2=afternoon-tea&amp;clickedon=afternoon-tea"
                                role="button"
                                target="_self"
                                style=""
                                aria-haspopup="true"
                              >
                                Afternoon Tea
                              </a>
                              <div
                                class="dropdown-menu mb-submenulist second-nested-list"
                              >
                                <div class="row no-gutters">
                                  <div class="col-submenu border-right py-lg-4">
                                    <ul id="level3" class="list-unstyled">
                                      <li
                                        class="submenu mb-0 mb-submenu level3Menu"
                                      >
                                        <a
                                          class="dropdown-item"
                                          href="/en-GB/afternoon-tea?origin=dropdown&amp;c1=inspiration&amp;c2=afternoon-tea&amp;c3=shopall-afternoon-tea&amp;clickedon=shopall-afternoon-tea"
                                          >SHOP ALL AFTERNOON TEA</a
                                        >
                                      </li>
                                      <li
                                        class="submenu mb-0 mb-submenu level3Menu"
                                      >
                                        <a
                                          class="dropdown-item"
                                          href="/en-GB/afternoon-tea/tea-range?origin=dropdown&amp;c1=inspiration&amp;c2=afternoon-tea&amp;c3=tea-range&amp;clickedon=tea-range"
                                          >Tea Range</a
                                        >
                                      </li>
                                      <li
                                        class="submenu mb-0 mb-submenu level3Menu"
                                      >
                                        <a
                                          class="dropdown-item"
                                          href="/en-GB/afternoon-tea/cakes-sweet-treats?origin=dropdown&amp;c1=inspiration&amp;c2=afternoon-tea&amp;c3=cakes-sweet-treats&amp;clickedon=cakes-sweet-treats"
                                          >Cakes &amp; Sweet Treats</a
                                        >
                                      </li>
                                      <li
                                        class="submenu mb-0 mb-submenu level3Menu"
                                      >
                                        <a
                                          class="dropdown-item"
                                          href="/en-GB/afternoon-tea/milk-alternatives?origin=dropdown&amp;c1=inspiration&amp;c2=afternoon-tea&amp;c3=milk-alternatives&amp;clickedon=milk-alternatives"
                                          >Milk &amp; Alternatives</a
                                        >
                                      </li>
                                    </ul>
                                  </div>
                                </div>
                              </div>
                            </li>
                            <li
                              id="static-menubar"
                              class="help-nav d-block d-lg-none"
                            >
                              <a href="/en-GB/FAQ"
                                ><i class="icoaldi-help mr-2"></i> Help
                              </a>
                            </li>
                          </ul>
                        </div>
                      </div>
                    </div>
                  </li>
                </ul>
              </li>
              <li class="nav-item dropdown mb-mainmenu">
                <a
                  href="/en-GB/my-account/my-orders?origin=dropdown&amp;c1=your-orders&amp;clickedon=your-orders"
                  data-qa="main-menu-category-link"
                  target="_self"
                  style=""
                  class="nav-link"
                >
                  Your Orders
                </a>
              </li>
              <li class="nav-item dropdown mb-mainmenu">
                <a
                  href="/en-GB/my-account/favourites?origin=dropdown&amp;c1=your-favourites&amp;clickedon=your-favourites"
                  data-qa="main-menu-category-link"
                  target="_self"
                  style=""
                  class="nav-link"
                >
                  Your Favourites
                </a>
              </li>
              <li class="nav-item dropdown mb-mainmenu">
                <a
                  href="https://www.aldi.co.uk/c/specialbuys?utm_source=AldiCCuk&amp;utm_medium=AldiCCukNavigation&amp;utm_content=Specialbuys&amp;origin=dropdown&amp;c1=specialbuys&amp;clickedon=specialbuys"
                  data-qa="main-menu-category-link"
                  target="_blank"
                  style=""
                  class="nav-link"
                >
                  Specialbuys
                </a>
              </li>
              <li class="nav-item dropdown mb-mainmenu last-main-menu-entry">
                <a
                  id="IsNonMobile"
                  href="/en-GB/recipes?origin=dropdown&amp;c1=recipes&amp;clickedon=recipes"
                  data-qa="main-menu-category"
                  role="button"
                  class="dropdown-toggle nav-link d-none d-lg-block"
                  style=""
                  aria-haspopup="true"
                >
                  Recipes
                </a>
                <a
                  href="/en-GB/recipes?origin=dropdown&amp;c1=recipes&amp;clickedon=recipes"
                  data-qa="main-menu-category"
                  role="button"
                  data-toggle="dropdown"
                  class="dropdown-toggle nav-link d-block d-lg-none"
                  style=""
                  aria-haspopup="true"
                  aria-expanded="false"
                >
                  Recipes
                </a>
                <ul class="main-dropdown-menu dropdown-menu shadow mb-menu">
                  <li>
                    <!-- Content container to add padding -->
                    <div class="main-nav-content">
                      <div class="row no-gutters">
                        <div
                          class="col-submenu position-static border-right py-lg-4"
                        >
                          <ul
                            class="list-unstyled w-100 back-nav d-block d-lg-none"
                          >
                            <li class="mb-0">
                              <a
                                href="/en-GB/recipes?origin=dropdown&amp;c1=recipes&amp;clickedon=recipes"
                                class="float-left text-uppercase"
                                >Recipes</a
                              ><a
                                id="menu-back-cta"
                                class="float-right js-back-cta menu-back-cta"
                                ><i class="fa fa-angle-left mr-2"></i> Back</a
                              >
                            </li>
                          </ul>
                          <ul id="level2" class="list-unstyled w-100">
                            <li class="submenu mb-0 mb-submenu level2Menu">
                              <a
                                class="dropdown-item d-none d-lg-block"
                                href="/en-GB/Search/Recipes?keywords=*&amp;fn1=MealTypes&amp;fv1=Mains&amp;recipeBrowsing=true&amp;origin=dropdown&amp;c1=recipes&amp;c2=mains&amp;clickedon=mains"
                                target=""
                                style=""
                                aria-haspopup="true"
                              >
                                Mains </a
                              ><a
                                class="dropdown-item d-block d-lg-none"
                                href="/en-GB/Search/Recipes?keywords=*&amp;fn1=MealTypes&amp;fv1=Mains&amp;recipeBrowsing=true&amp;origin=dropdown&amp;c1=recipes&amp;c2=mains&amp;clickedon=mains"
                                role="button"
                                target=""
                                style=""
                                aria-haspopup="true"
                              >
                                Mains
                              </a>
                            </li>
                            <li class="submenu mb-0 mb-submenu level2Menu">
                              <a
                                class="dropdown-item d-none d-lg-block"
                                href="/en-GB/Search/Recipes?keywords=*&amp;fn1=MealTypes&amp;fv1=Lunch&amp;recipeBrowsing=true&amp;origin=dropdown&amp;c1=recipes&amp;c2=lunch&amp;clickedon=lunch"
                                target=""
                                style=""
                                aria-haspopup="true"
                              >
                                Lunch </a
                              ><a
                                class="dropdown-item d-block d-lg-none"
                                href="/en-GB/Search/Recipes?keywords=*&amp;fn1=MealTypes&amp;fv1=Lunch&amp;recipeBrowsing=true&amp;origin=dropdown&amp;c1=recipes&amp;c2=lunch&amp;clickedon=lunch"
                                role="button"
                                target=""
                                style=""
                                aria-haspopup="true"
                              >
                                Lunch
                              </a>
                            </li>
                            <li class="submenu mb-0 mb-submenu level2Menu">
                              <a
                                class="dropdown-item d-none d-lg-block"
                                href="/en-GB/Search/Recipes?keywords=*&amp;fn1=MealTypes&amp;fv1=Breakfast&amp;recipeBrowsing=true&amp;origin=dropdown&amp;c1=recipes&amp;c2=breakfast&amp;clickedon=breakfast"
                                target=""
                                style=""
                                aria-haspopup="true"
                              >
                                Breakfast </a
                              ><a
                                class="dropdown-item d-block d-lg-none"
                                href="/en-GB/Search/Recipes?keywords=*&amp;fn1=MealTypes&amp;fv1=Breakfast&amp;recipeBrowsing=true&amp;origin=dropdown&amp;c1=recipes&amp;c2=breakfast&amp;clickedon=breakfast"
                                role="button"
                                target=""
                                style=""
                                aria-haspopup="true"
                              >
                                Breakfast
                              </a>
                            </li>
                            <li class="submenu mb-0 mb-submenu level2Menu">
                              <a
                                class="dropdown-item d-none d-lg-block"
                                href="/en-GB/Search/Recipes?keywords=*&amp;fn1=MealTypes&amp;fv1=Desserts&amp;recipeBrowsing=true&amp;origin=dropdown&amp;c1=recipes&amp;c2=desserts&amp;clickedon=desserts"
                                target=""
                                style=""
                                aria-haspopup="true"
                              >
                                Desserts </a
                              ><a
                                class="dropdown-item d-block d-lg-none"
                                href="/en-GB/Search/Recipes?keywords=*&amp;fn1=MealTypes&amp;fv1=Desserts&amp;recipeBrowsing=true&amp;origin=dropdown&amp;c1=recipes&amp;c2=desserts&amp;clickedon=desserts"
                                role="button"
                                target=""
                                style=""
                                aria-haspopup="true"
                              >
                                Desserts
                              </a>
                            </li>
                            <li class="submenu mb-0 mb-submenu level2Menu">
                              <a
                                class="dropdown-item d-none d-lg-block"
                                href="/en-GB/Search/Recipes?keywords=*&amp;fn1=MealTypes&amp;fv1=Drinks&amp;recipeBrowsing=true&amp;origin=dropdown&amp;c1=recipes&amp;c2=drinks&amp;clickedon=drinks"
                                target=""
                                style=""
                                aria-haspopup="true"
                              >
                                Drinks </a
                              ><a
                                class="dropdown-item d-block d-lg-none"
                                href="/en-GB/Search/Recipes?keywords=*&amp;fn1=MealTypes&amp;fv1=Drinks&amp;recipeBrowsing=true&amp;origin=dropdown&amp;c1=recipes&amp;c2=drinks&amp;clickedon=drinks"
                                role="button"
                                target=""
                                style=""
                                aria-haspopup="true"
                              >
                                Drinks
                              </a>
                            </li>
                            <li class="submenu mb-0 mb-submenu level2Menu">
                              <a
                                class="dropdown-item d-none d-lg-block"
                                href="/en-GB/Search/Recipes?keywords=*&amp;fn1=MealTypes&amp;fv1=Starters&amp;recipeBrowsing=true&amp;origin=dropdown&amp;c1=recipes&amp;c2=starters&amp;clickedon=starters"
                                target=""
                                style=""
                                aria-haspopup="true"
                              >
                                Starters </a
                              ><a
                                class="dropdown-item d-block d-lg-none"
                                href="/en-GB/Search/Recipes?keywords=*&amp;fn1=MealTypes&amp;fv1=Starters&amp;recipeBrowsing=true&amp;origin=dropdown&amp;c1=recipes&amp;c2=starters&amp;clickedon=starters"
                                role="button"
                                target=""
                                style=""
                                aria-haspopup="true"
                              >
                                Starters
                              </a>
                            </li>
                            <li class="submenu mb-0 mb-submenu level2Menu">
                              <a
                                class="dropdown-item d-none d-lg-block"
                                href="/en-GB/Search/Recipes?keywords=*&amp;fn1=MealTypes&amp;fv1=Sides&amp;recipeBrowsing=true&amp;origin=dropdown&amp;c1=recipes&amp;c2=sides&amp;clickedon=sides"
                                target=""
                                style=""
                                aria-haspopup="true"
                              >
                                Sides </a
                              ><a
                                class="dropdown-item d-block d-lg-none"
                                href="/en-GB/Search/Recipes?keywords=*&amp;fn1=MealTypes&amp;fv1=Sides&amp;recipeBrowsing=true&amp;origin=dropdown&amp;c1=recipes&amp;c2=sides&amp;clickedon=sides"
                                role="button"
                                target=""
                                style=""
                                aria-haspopup="true"
                              >
                                Sides
                              </a>
                            </li>
                            <li class="submenu mb-0 mb-submenu level2Menu">
                              <a
                                class="dropdown-item d-none d-lg-block"
                                href="/en-GB/Search/Recipes?keywords=*&amp;fn1=MealTypes&amp;fv1=Snacks&amp;recipeBrowsing=true&amp;origin=dropdown&amp;c1=recipes&amp;c2=snacks&amp;clickedon=snacks"
                                target=""
                                style=""
                                aria-haspopup="true"
                              >
                                Snacks </a
                              ><a
                                class="dropdown-item d-block d-lg-none"
                                href="/en-GB/Search/Recipes?keywords=*&amp;fn1=MealTypes&amp;fv1=Snacks&amp;recipeBrowsing=true&amp;origin=dropdown&amp;c1=recipes&amp;c2=snacks&amp;clickedon=snacks"
                                role="button"
                                target=""
                                style=""
                                aria-haspopup="true"
                              >
                                Snacks
                              </a>
                            </li>
                            <li
                              id="static-menubar"
                              class="help-nav d-block d-lg-none"
                            >
                              <a href="/en-GB/FAQ"
                                ><i class="icoaldi-help mr-2"></i> Help
                              </a>
                            </li>
                          </ul>
                        </div>
                      </div>
                    </div>
                  </li>
                </ul>
              </li>
              <li id="static-menubar" class="help-nav d-block d-lg-none">
                <a href="/en-GB/FAQ"><i class="icoaldi-help mr-2"></i> Help </a>
              </li>
            </ul>
          </div>
        </nav>
      </div>
    </div>
    <div class="main-nav-overlay"></div>
    <div
      id="search-section"
      class="p-2 p-md-0 collapse show sps search-block sps--blw"
    >
      <div class="container-md full-width">
        <div class="row justify-content-between p-container-md">
          <div
            class="col-xl-8 offset-xl-0 offset-md-1 offset-l-1 col-l-6 col-md-6 col-12 justify-content-center align-self-center spacing-adjustment"
          >
            <div>
              <div
                id="search-box"
                data-brands-enable="False"
                data-categories-limit="4"
                data-search-terms-limit="5"
                data-search-terms-enable="True"
                class="search-box"
                data-oc-controller="General.AutocompleteSearchBox"
                data-autocomplete-limit="6"
                data-brand-limit="3"
                data-debouncetime="50"
                data-categories-enable="False"
              >
                <form
                  id="frm-search-box"
                  method="GET"
                  action="/en-GB/Search"
                  novalidate=""
                >
                  <div class="input-group">
                    <i class="icoaldi-search icon-search"></i>
                    <span
                      class="twitter-typeahead"
                      style="position: relative; display: inline-block"
                      ><input
                        id="search-input"
                        required="required"
                        data-parsley-class-handler-selector="form"
                        placeholder="What are you looking for?"
                        value="gluten free"
                        data-parsley-antixss="true"
                        class="form-control search js-typeahead tt-input"
                        data-parsley-antixss-message="Your search terms contain unauthorised characters"
                        name="keywords"
                        type="search"
                        typeahead-wait-ms="300"
                        data-parsley-required-message=""
                        data-qa="search-input"
                        data-parsley-errors-container="#search-errors"
                        data-parsley-id="2296"
                        autocomplete="off"
                        spellcheck="false"
                        dir="auto"
                        style="position: relative; vertical-align: top" />
                      <pre
                        aria-hidden="true"
                        style="
                          position: absolute;
                          visibility: hidden;
                          white-space: pre;
                          font-family: 'aldi_sued_office', Arial, Helvetica,
                            'Helvetica Neue', sans-serif;
                          font-size: 16px;
                          font-style: normal;
                          font-variant: normal;
                          font-weight: 400;
                          word-spacing: 0px;
                          letter-spacing: 0px;
                          text-indent: 0px;
                          text-rendering: optimizelegibility;
                          text-transform: none;
                        "
                      ></pre>
                      <div
                        class="tt-menu"
                        style="
                          position: absolute;
                          top: 100%;
                          left: 0px;
                          z-index: 100;
                          display: none;
                        "
                      >
                        <div class="suggestions-wrapper">
                          <div class="tt-dataset tt-dataset-Products"></div>
                          <div class="suggestion-right-col">
                            <div
                              class="tt-dataset tt-dataset-SearchTerms"
                            ></div>
                          </div>
                        </div></div
                    ></span>
                    <div class="input-group-append input-group-append-sm">
                      <button
                        class="btn input-icon aldi-close-parent-form search"
                        data-oc-click="clearSearchInput"
                      >
                        <i class="icoaldi-close form-text-close"></i>
                      </button>
                      <button
                        data-qa="search-button"
                        class="btn btn-primary text-uppercase search-btn"
                        title="Search"
                        type="submit"
                      >
                        Search
                      </button>
                    </div>
                  </div>
                  <div id="search-errors" class="invalid-feedback">
                    <ul class="parsley-errors-list" id="parsley-id-2296"></ul>
                  </div>
                </form>
              </div>
            </div>
          </div>
          <div class="col-xl-4 col-l-5 col-md-5 nav-icon-lg">
            <a
              href="/en-GB/Cart"
              data-qa="minicart-header"
              class="nav-link minicart-header nav-icon-lg"
              data-oc-controller="Cart.MiniCart"
              title="Basket"
            >
              <span>
                <span class="cart-total nav-icon-lg badge-pill"
                  ><span
                    class="navbar-count"
                    data-templateid="MinicartQuantity"
                    data-qa="minicart-count"
                  >
                    0
                  </span></span
                >
                <span>
                  <button class="btn cart-icon nav-icon-lg">
                    <strong
                      ><span
                        class="navbar-total-price"
                        data-templateid="MinicartTotal"
                      >
                        0.00
                      </span></strong
                    >
                  </button>
                </span>
                <span>
                  <button
                    class="btn btn-block text-uppercase cart-btn nav-icon-lg"
                    type="submit"
                  >
                    CHECKOUT
                    <!--img src="/UI.Package/Images/career.svg"/--><i
                      class="pl-2 fa fa-lg fa-angle-right"
                    ></i>
                  </button>
                </span>
              </span>
            </a>
            <a
              style="padding-top: 0; width: 45px; height: 40px"
              href="/en-GB/Cart"
              data-qa="minicart-header"
              class="nav-link minicart-header nav-icon-sm"
              data-oc-controller="Cart.MiniCart"
              title="Basket"
            >
              <span class="cart-sm pl-0">
                <span class="cart-total-sm badge-pill"
                  ><span
                    class="navbar-count"
                    data-templateid="MinicartQuantity"
                    data-qa="minicart-count"
                  >
                    0
                  </span></span
                >
                <button class="btn text-uppercase" type="submit">
                  <span class="checkout-btn-sm mobile-menu-text">
                    CHECKOUT</span
                  >
                </button>
              </span>
            </a>
            <div
              class="minicart-summary"
              data-notification-time="5000"
              data-oc-controller="Cart.MiniCartSummary"
            >
              <div data-templateid="MinicartSummary">
                <div class="modal-header py-2">
                  <div class="row">
                    <div class="col-auto">
                      <h6 class="modal-title font-weight-bold">
                        Recently added
                      </h6>
                      <small class="mr-1 text-gray-small"
                        >(Showing 0 items)</small
                      >
                    </div>
                  </div>
                  <div
                    class="icoaldi-close-circle btn-close"
                    data-oc-click="onCloseMiniCart"
                  >
                    <span class="sr-only">Close</span>
                  </div>
                </div>
                <div class="minicart-summary-products">
                  <span
                    class="loading-indicator fa fa-spin fa-fw fa-circle-o-notch d-none"
                  ></span>
                  <div class="minicart-empty well text-center">
                    <span><i>Your basket is empty</i></span>
                  </div>
                </div>
                <div class="minicart-summary-footer">
                  <div class="minicart-summary-controls">
                    <a
                      data-oc-click="onCheckout"
                      data-order-subtotal="Â£0.00"
                      href="/en-GB/checkout"
                      class="btn btn-primary btn-block"
                    >
                      Sign In
                    </a>
                    <button
                      class="btn btn-outline-secondary btn-block"
                      data-oc-click="onCloseMiniCart"
                    >
                      Start Shopping
                    </button>
                  </div>
                </div>
              </div>
            </div>
          </div>
        </div>
      </div>
    </div>
  </div>
  <div data-oc-controller="General.TimeSlotBanner">
    <div id="vueTimeSlotBanner" class="reserved-slot-banner">
      <div class="d-lg-flex align-items-center justify-content-center">
        <div>
          <!---->
          <!---->
          <!---->
          <!---->
          <!---->
        </div>
        <!---->
      </div>
    </div>
  </div>
</header>
<script>
  _satellite["_runScript1"](function (event, target, Promise) {
    window.dd_targetLoaded = true;
  });
</script>
<script
  type="text/javascript"
  src="//static.queue-it.net/script/queueclient.min.js"
></script>

<script
  data-queueit-c="aldicc"
  type="text/javascript"
  src="//static.queue-it.net/script/queueconfigloader.min.js"
></script>
<div class="masthead-with-mega-menu-spacer sps sps--blw"></div>
<div class="container-md py-2">
  <div
    xmlns:v="http://rdf.data-vocabulary.org/#"
    class="clearfix d-inline-flex flex-wrap"
  >
    <a class="pull-left" href="javascript: history.back();"
      ><span class="fa fa-arrow-circle-left"></span> Back</a
    >
    <ol class="breadcrumb d-flex">
      <li><span>&nbsp;| You are in:&nbsp;</span></li>
      <li typeof="v:Breadcrumb" class="breadcrumb-item">
        <a class="cta" href="/en-GB/" rel="v:url" property="v:title">Home</a>
      </li>
      <li class="breadcrumb-item active">Search results for âgluten freeâ</li>
    </ol>
  </div>
</div>
<div class="container-md" data-oc-controller="General.ErrorController">
  <div data-templateid="FormErrorMessages"></div>
</div>
<div class="container-md">
  <div>
    <div class="card">
      <div class="card-body">
        <div
          id="vueSearchSummary"
          data-searchquery="gluten free"
          data-correctedsearchterms=""
          data-suggestedtabs="null"
          data-totalcount="124"
          data-current-site="True"
          data-oc-controller="Product.SearchSummary"
          data-context='[{"UrlTitle":"Products","TabUrl":"/en-GB/Search/Products?keywords=gluten+free","Title":"Products","SearchResults":null,"Total":124,"PagesCount":0,"IsProducts":true,"IsActive":true,"DataTypes":null},{"UrlTitle":"Recipes","TabUrl":"/en-GB/Search/Recipes?keywords=gluten+free","Title":"Recipes","SearchResults":[{"Title":"Poke Bowl","Description":null,"ImageUrl":"/media/97089653-1435-401e-b14d-b97ec4bdbc07/UEPK3Q/Recipes/GB/PokeBowl.jpg","DetailsUrl":"/en-GB/recipes/bFVrf2xzXkuXHQ3nChjJnQ/Poke-Bowl","FieldsBag":{"label":"Poke Bowl","datatype":"3aa80d36-1935-4a31-9375-5baf50f962dd","IRecipe.Id":"7f6b556c-736c-4b5e-971d-0de70a18c99d","IRecipe.Image":"MediaArchive:97089653-1435-401e-b14d-b97ec4bdbc07","IRecipe.Difficulty":"372b18ed-06fd-49c2-9a7f-90a3465db26d","lastupdated":"2024-01-16T10:58:51","IRecipe.DishType":"","IRecipe.DietType":"ca371f0b-361e-4822-8acb-4619c40cd37c,97ea5138-fa49-4c58-878a-d09ecce26c6c","IRecipe.CuisineType":"b2588b6e-690a-4144-b832-b53eb9838948","IRecipe.PreparationTime":"10","IRecipe.CookingTime":"15","IRecipe.Servings":"4","IPublishControlled.PublicationStatus":"published"}},{"Title":"Chicken Provencal and Vegetable Stew","Description":null,"ImageUrl":"/media/0193e09d-6377-43d2-9888-0c9c23a6beab/LbPZ3Q/Recipes/GB/ChickenProvencalandVegetableStew.jpg","DetailsUrl":"/en-GB/recipes/UlRKLrvhfUept0GHQ3dQBg/Chicken-Provencal-and-Vegetable-Stew","FieldsBag":{"label":"Chicken Provencal and Vegetable Stew","datatype":"3aa80d36-1935-4a31-9375-5baf50f962dd","IRecipe.Id":"2e4a5452-e1bb-477d-a9b7-418743775006","IRecipe.Image":"MediaArchive:0193e09d-6377-43d2-9888-0c9c23a6beab","IRecipe.Difficulty":"372b18ed-06fd-49c2-9a7f-90a3465db26d","lastupdated":"2024-01-16T10:58:51","IRecipe.DishType":"","IRecipe.DietType":"ca371f0b-361e-4822-8acb-4619c40cd37c,97ea5138-fa49-4c58-878a-d09ecce26c6c","IRecipe.CuisineType":"","IRecipe.PreparationTime":"20","IRecipe.CookingTime":"40","IRecipe.Servings":"4","IPublishControlled.PublicationStatus":"published"}}],"Total":2,"PagesCount":1,"IsProducts":false,"IsActive":false,"DataTypes":"Orckestra.Composer.Recipes.DataTypes.IRecipe"}]'
          data-total="126"
          data-isproducttab="True"
          data-refinedcount="124"
        >
          <div class="text-center">
            <div class="mb-3">
              <h1 class="h3 mt-2">
                <span class="font-weight-normal">You searched for</span
                ><br />gluten free
              </h1>
              <!---->
              <span><span class="font-weight-bold">126</span></span> matching
              results
            </div>
          </div>
          <div class="search-tabs">
            <ul role="tablist" class="nav nav-tabs border-0">
              <li role="none" id="ProductSearchMenuTab" class="nav-item">
                <a
                  href="/en-GB/Search/Products?keywords=gluten+free"
                  role="tab"
                  aria-selected="true"
                  aria-controls="content-tabpanel"
                  class="nav-link 123 active"
                >
                  Products (124)
                </a>
              </li>
              <li role="none" id="RecipeSearchMenuTab" class="nav-item">
                <a
                  href="/en-GB/Search/Recipes?keywords=gluten+free"
                  role="tab"
                  aria-selected="false"
                  aria-controls="content-tabpanel"
                  class="nav-link 123"
                >
                  Recipes (2)
                </a>
              </li>
            </ul>
          </div>
        </div>
      </div>
    </div>
    <div>
      <!-- Tab panes -->
      <div id="content-tabpanel" class="tab-content mt-2" role="tabpanel">
        <div id="vueTabSearchSummary"><!----></div>
        <div id="search-grid-container">
          <div class="searchgrid">
            <div class="row">
              <div class="col-12 mb-5">
                <div class="row">
                  <div id="leftCol" class="col-12 col-lg-3 mt-3 facets-col">
                    <div
                      id="vueMultiKeywordsSearch"
                      data-oc-controller="Product.MultiKeywordsSearch"
                    >
                      <!---->
                    </div>
                    <div id="search-left" class="card shadow facets">
                      <div class="card-body p-0">
                        <div
                          id="selectedSearchFacetsContainer"
                          data-oc-controller="Product.SelectedSearchFacets"
                          data-context='{"SelectedFacetsViewModel":{"Facets":[],"IsAllRemovable":false},"ChildCategoriesList":null,"LandingPageUrlsList":null}'
                        >
                          <div id="vueSelectedSearchFacets">
                            <div
                              id="selectedFacets"
                              class="selected-facets-block"
                            >
                              <div class="pl-4">
                                <div>
                                  <p
                                    class="clearfix pr-2 mb-0 py-3 d-flex align-items-center"
                                  >
                                    <span class="h4 mb-0">Filter by</span
                                    ><!---->
                                  </p>
                                </div>
                              </div>
                            </div>
                          </div>
                        </div>
                        <div
                          id="facetsModal"
                          data-filter-facets="vueSearchFilterFacets"
                          data-facet-modal="vueSearchFacets"
                          class="facets-modal"
                        >
                          <div class="facets-modal-dialog">
                            <div class="facets-modal-content">
                              <div class="facets-modal-header">
                                <h4 class="modal-title mobile-modal-title">
                                  Filter by
                                </h4>
                                <button
                                  type="button"
                                  class="close close-text-button"
                                  data-dismiss="modal"
                                  aria-label="Close"
                                >
                                  <span aria-hidden="true">Cancel</span>
                                </button>
                              </div>
                              <div class="facets-modal-body">
                                <div class="overlay"></div>
                                <div
                                  id="facetContainer"
                                  data-oc-controller="Product.FacetSearch"
                                  data-context='[{"OnDemandFacetValues":[{"Title":"Mamia","Value":"Mamia","CategoryId":null,"Quantity":1,"IsSelected":false,"IsPromoted":false,"MinimumValue":null,"MaximumValue":null,"PromotionSortWeight":0.0,"IsRemovable":true},{"Title":"The Fishmonger","Value":"The Fishmonger","CategoryId":null,"Quantity":1,"IsSelected":false,"IsPromoted":false,"MinimumValue":null,"MaximumValue":null,"PromotionSortWeight":0.0,"IsRemovable":true},{"Title":"Vive","Value":"Vive","CategoryId":null,"Quantity":1,"IsSelected":false,"IsPromoted":false,"MinimumValue":null,"MaximumValue":null,"PromotionSortWeight":0.0,"IsRemovable":true}],"Title":"Brand","Quantity":13,"FacetType":"MultiSelect","FacetValues":[{"Title":"Merevale","Value":"Merevale","CategoryId":null,"Quantity":20,"IsSelected":false,"IsPromoted":false,"MinimumValue":null,"MaximumValue":null,"PromotionSortWeight":0.0,"IsRemovable":true},{"Title":"Brooklea","Value":"Brooklea","CategoryId":null,"Quantity":19,"IsSelected":false,"IsPromoted":false,"MinimumValue":null,"MaximumValue":null,"PromotionSortWeight":0.0,"IsRemovable":true},{"Title":"Dominion","Value":"Dominion","CategoryId":null,"Quantity":16,"IsSelected":false,"IsPromoted":false,"MinimumValue":null,"MaximumValue":null,"PromotionSortWeight":0.0,"IsRemovable":true},{"Title":"Ashfields","Value":"Ashfields","CategoryId":null,"Quantity":4,"IsSelected":false,"IsPromoted":false,"MinimumValue":null,"MaximumValue":null,"PromotionSortWeight":0.0,"IsRemovable":true},{"Title":"Plant Menu","Value":"Plant Menu","CategoryId":null,"Quantity":3,"IsSelected":false,"IsPromoted":false,"MinimumValue":null,"MaximumValue":null,"PromotionSortWeight":0.0,"IsRemovable":true},{"Title":"Specially Selected","Value":"Specially Selected","CategoryId":null,"Quantity":3,"IsSelected":false,"IsPromoted":false,"MinimumValue":null,"MaximumValue":null,"PromotionSortWeight":0.0,"IsRemovable":true},{"Title":"Bramwells","Value":"Bramwells","CategoryId":null,"Quantity":1,"IsSelected":false,"IsPromoted":false,"MinimumValue":null,"MaximumValue":null,"PromotionSortWeight":0.0,"IsRemovable":true},{"Title":"Cowbelle","Value":"Cowbelle","CategoryId":null,"Quantity":1,"IsSelected":false,"IsPromoted":false,"MinimumValue":null,"MaximumValue":null,"PromotionSortWeight":0.0,"IsRemovable":true},{"Title":"Earls","Value":"Earls","CategoryId":null,"Quantity":1,"IsSelected":false,"IsPromoted":false,"MinimumValue":null,"MaximumValue":null,"PromotionSortWeight":0.0,"IsRemovable":true},{"Title":"Emporium","Value":"Emporium","CategoryId":null,"Quantity":1,"IsSelected":false,"IsPromoted":false,"MinimumValue":null,"MaximumValue":null,"PromotionSortWeight":0.0,"IsRemovable":true}],"StartValue":null,"EndValue":null,"GapSize":null,"FieldName":"BrandForFacet","SortWeight":0.0,"IsDisplayed":true},{"OnDemandFacetValues":[],"Title":"Dietary requirements","Quantity":1,"FacetType":"MultiSelect","FacetValues":[{"Title":"Gluten free","Value":"Gluten free","CategoryId":null,"Quantity":32,"IsSelected":false,"IsPromoted":false,"MinimumValue":null,"MaximumValue":null,"PromotionSortWeight":0.0,"IsRemovable":true}],"StartValue":null,"EndValue":null,"GapSize":null,"FieldName":"DietaryRequirements","SortWeight":0.0,"IsDisplayed":false},{"OnDemandFacetValues":[],"Title":"Lifestyle","Quantity":2,"FacetType":"MultiSelect","FacetValues":[{"Title":"Vegetarian","Value":"Vegetarian","CategoryId":null,"Quantity":86,"IsSelected":false,"IsPromoted":false,"MinimumValue":null,"MaximumValue":null,"PromotionSortWeight":0.0,"IsRemovable":true},{"Title":"Vegan","Value":"Vegan","CategoryId":null,"Quantity":35,"IsSelected":false,"IsPromoted":false,"MinimumValue":null,"MaximumValue":null,"PromotionSortWeight":0.0,"IsRemovable":true}],"StartValue":null,"EndValue":null,"GapSize":null,"FieldName":"Lifestyle","SortWeight":0.0,"IsDisplayed":true},{"OnDemandFacetValues":[{"Title":null,"Value":null,"CategoryId":null,"Quantity":2,"IsSelected":false,"IsPromoted":false,"MinimumValue":"6","MaximumValue":"7","PromotionSortWeight":0.0,"IsRemovable":true},{"Title":null,"Value":null,"CategoryId":null,"Quantity":1,"IsSelected":false,"IsPromoted":false,"MinimumValue":"9","MaximumValue":"10","PromotionSortWeight":0.0,"IsRemovable":true}],"Title":"Price Range","Quantity":124,"FacetType":"Range","FacetValues":[{"Title":null,"Value":null,"CategoryId":null,"Quantity":45,"IsSelected":false,"IsPromoted":false,"MinimumValue":"1","MaximumValue":"2","PromotionSortWeight":0.0,"IsRemovable":true},{"Title":null,"Value":null,"CategoryId":null,"Quantity":38,"IsSelected":false,"IsPromoted":false,"MinimumValue":"0","MaximumValue":"1","PromotionSortWeight":0.0,"IsRemovable":true},{"Title":null,"Value":null,"CategoryId":null,"Quantity":28,"IsSelected":false,"IsPromoted":false,"MinimumValue":"2","MaximumValue":"3","PromotionSortWeight":0.0,"IsRemovable":true},{"Title":null,"Value":null,"CategoryId":null,"Quantity":6,"IsSelected":false,"IsPromoted":false,"MinimumValue":"3","MaximumValue":"4","PromotionSortWeight":0.0,"IsRemovable":true},{"Title":null,"Value":null,"CategoryId":null,"Quantity":4,"IsSelected":false,"IsPromoted":false,"MinimumValue":"4","MaximumValue":"5","PromotionSortWeight":0.0,"IsRemovable":true}],"StartValue":"0","EndValue":"11","GapSize":"1","FieldName":"CurrentPrice","SortWeight":2.0,"IsDisplayed":false}]'
                                  data-facetsettings='{"CategoryFacetValuesTree":{"TotalCount":124,"MaxCollapsedCount":5,"MaxExpandedCount":2147483647,"ChildNodes":[{"Title":"Chilled Food","Value":"Chilled Food","Quantity":50,"CategoryId":"L1D","FacetType":0,"FieldName":"CategoryLevel1_Facet","IsSelected":false,"IsRemovable":true,"MaxCollapsedCount":0,"MaxExpandedCount":0},{"Title":"Gluten Free","Value":"Gluten Free","Quantity":29,"CategoryId":"GlutenFree","FacetType":0,"FieldName":"CategoryLevel1_Facet","IsSelected":false,"IsRemovable":true,"MaxCollapsedCount":0,"MaxExpandedCount":0},{"Title":"Drinks","Value":"Drinks","Quantity":27,"CategoryId":"L1F","FacetType":0,"FieldName":"CategoryLevel1_Facet","IsSelected":false,"IsRemovable":true,"MaxCollapsedCount":0,"MaxExpandedCount":0},{"Title":"Food Cupboard","Value":"Food Cupboard","Quantity":25,"CategoryId":"L1E","FacetType":0,"FieldName":"CategoryLevel1_Facet","IsSelected":false,"IsRemovable":true,"MaxCollapsedCount":0,"MaxExpandedCount":0},{"Title":"Healthy Meals","Value":"Healthy Meals","Quantity":17,"CategoryId":"L1HealthyMeals","FacetType":0,"FieldName":"CategoryLevel1_Facet","IsSelected":false,"IsRemovable":true,"MaxCollapsedCount":0,"MaxExpandedCount":0},{"Title":"Fresh Food","Value":"Fresh Food","Quantity":8,"CategoryId":"L1C","FacetType":0,"FieldName":"CategoryLevel1_Facet","IsSelected":false,"IsRemovable":true,"MaxCollapsedCount":0,"MaxExpandedCount":0},{"Title":"Food Specialbuys","Value":"Food Specialbuys","Quantity":6,"CategoryId":"L1FoodSpecials","FacetType":0,"FieldName":"CategoryLevel1_Facet","IsSelected":false,"IsRemovable":true,"MaxCollapsedCount":0,"MaxExpandedCount":0},{"Title":"Frozen Food","Value":"Frozen Food","Quantity":6,"CategoryId":"L1G","FacetType":0,"FieldName":"CategoryLevel1_Facet","IsSelected":false,"IsRemovable":true,"MaxCollapsedCount":0,"MaxExpandedCount":0},{"Title":"Autumn","Value":"Autumn","Quantity":5,"CategoryId":"L1Autumn","FacetType":0,"FieldName":"CategoryLevel1_Facet","IsSelected":false,"IsRemovable":true,"MaxCollapsedCount":0,"MaxExpandedCount":0},{"Title":"Big Night In","Value":"Big Night In","Quantity":3,"CategoryId":"L1Fakeaway","FacetType":0,"FieldName":"CategoryLevel1_Facet","IsSelected":false,"IsRemovable":true,"MaxCollapsedCount":0,"MaxExpandedCount":0},{"Title":"Health &amp; Beauty","Value":"Health &amp; Beauty","Quantity":3,"CategoryId":"L1I","FacetType":0,"FieldName":"CategoryLevel1_Facet","IsSelected":false,"IsRemovable":true,"MaxCollapsedCount":0,"MaxExpandedCount":0},{"Title":"Pet Care","Value":"Pet Care","Quantity":3,"CategoryId":"L1K","FacetType":0,"FieldName":"CategoryLevel1_Facet","IsSelected":false,"IsRemovable":true,"MaxCollapsedCount":0,"MaxExpandedCount":0},{"Title":"Specially Selected","Value":"Specially Selected","Quantity":3,"CategoryId":"L1SpeciallySelected","FacetType":0,"FieldName":"CategoryLevel1_Facet","IsSelected":false,"IsRemovable":true,"MaxCollapsedCount":0,"MaxExpandedCount":0},{"Title":"Vegan Range","Value":"Vegan Range","Quantity":3,"CategoryId":"L1Veganuary","FacetType":0,"FieldName":"CategoryLevel1_Facet","IsSelected":false,"IsRemovable":true,"MaxCollapsedCount":0,"MaxExpandedCount":0},{"Title":"High Protein Foods","Value":"High Protein Foods","Quantity":2,"CategoryId":"L1HighProtein","FacetType":0,"FieldName":"CategoryLevel1_Facet","IsSelected":false,"IsRemovable":true,"MaxCollapsedCount":0,"MaxExpandedCount":0},{"Title":"Roast Dinner","Value":"Roast Dinner","Quantity":2,"CategoryId":"L1RoastDinner","FacetType":0,"FieldName":"CategoryLevel1_Facet","IsSelected":false,"IsRemovable":true,"MaxCollapsedCount":0,"MaxExpandedCount":0},{"Title":"Bakery","Value":"Bakery","Quantity":1,"CategoryId":"L1B","FacetType":0,"FieldName":"CategoryLevel1_Facet","IsSelected":false,"IsRemovable":true,"MaxCollapsedCount":0,"MaxExpandedCount":0},{"Title":"Baby &amp; Toddler","Value":"Baby &amp; Toddler","Quantity":1,"CategoryId":"L1H","FacetType":0,"FieldName":"CategoryLevel1_Facet","IsSelected":false,"IsRemovable":true,"MaxCollapsedCount":0,"MaxExpandedCount":0},{"Title":"Lunch Box","Value":"Lunch Box","Quantity":1,"CategoryId":"L1Lunchbox","FacetType":0,"FieldName":"CategoryLevel1_Facet","IsSelected":false,"IsRemovable":true,"MaxCollapsedCount":0,"MaxExpandedCount":0},{"Title":"Midweek Meals","Value":"Midweek Meals","Quantity":1,"CategoryId":"L1MidweekMeals","FacetType":0,"FieldName":"CategoryLevel1_Facet","IsSelected":false,"IsRemovable":true,"MaxCollapsedCount":0,"MaxExpandedCount":0}]},"SelectedFacets":{"Facets":[],"IsAllRemovable":false},"Facets":[{"OnDemandFacetValues":[{"Title":"Mamia","Value":"Mamia","Quantity":1,"IsSelected":false,"IsPromoted":false,"PromotionSortWeight":0.0,"IsRemovable":true},{"Title":"The Fishmonger","Value":"The Fishmonger","Quantity":1,"IsSelected":false,"IsPromoted":false,"PromotionSortWeight":0.0,"IsRemovable":true},{"Title":"Vive","Value":"Vive","Quantity":1,"IsSelected":false,"IsPromoted":false,"PromotionSortWeight":0.0,"IsRemovable":true}],"Title":"Brand","Quantity":13,"FacetType":1,"FacetValues":[{"Title":"Merevale","Value":"Merevale","Quantity":20,"IsSelected":false,"IsPromoted":false,"PromotionSortWeight":0.0,"IsRemovable":true},{"Title":"Brooklea","Value":"Brooklea","Quantity":19,"IsSelected":false,"IsPromoted":false,"PromotionSortWeight":0.0,"IsRemovable":true},{"Title":"Dominion","Value":"Dominion","Quantity":16,"IsSelected":false,"IsPromoted":false,"PromotionSortWeight":0.0,"IsRemovable":true},{"Title":"Ashfields","Value":"Ashfields","Quantity":4,"IsSelected":false,"IsPromoted":false,"PromotionSortWeight":0.0,"IsRemovable":true},{"Title":"Plant Menu","Value":"Plant Menu","Quantity":3,"IsSelected":false,"IsPromoted":false,"PromotionSortWeight":0.0,"IsRemovable":true},{"Title":"Specially Selected","Value":"Specially Selected","Quantity":3,"IsSelected":false,"IsPromoted":false,"PromotionSortWeight":0.0,"IsRemovable":true},{"Title":"Bramwells","Value":"Bramwells","Quantity":1,"IsSelected":false,"IsPromoted":false,"PromotionSortWeight":0.0,"IsRemovable":true},{"Title":"Cowbelle","Value":"Cowbelle","Quantity":1,"IsSelected":false,"IsPromoted":false,"PromotionSortWeight":0.0,"IsRemovable":true},{"Title":"Earls","Value":"Earls","Quantity":1,"IsSelected":false,"IsPromoted":false,"PromotionSortWeight":0.0,"IsRemovable":true},{"Title":"Emporium","Value":"Emporium","Quantity":1,"IsSelected":false,"IsPromoted":false,"PromotionSortWeight":0.0,"IsRemovable":true}],"FieldName":"BrandForFacet","SortWeight":0.0,"IsDisplayed":true},{"OnDemandFacetValues":[],"Title":"Dietary requirements","Quantity":1,"FacetType":1,"FacetValues":[{"Title":"Gluten free","Value":"Gluten free","Quantity":32,"IsSelected":false,"IsPromoted":false,"PromotionSortWeight":0.0,"IsRemovable":true}],"FieldName":"DietaryRequirements","SortWeight":0.0,"IsDisplayed":false},{"OnDemandFacetValues":[],"Title":"Lifestyle","Quantity":2,"FacetType":1,"FacetValues":[{"Title":"Vegetarian","Value":"Vegetarian","Quantity":86,"IsSelected":false,"IsPromoted":false,"PromotionSortWeight":0.0,"IsRemovable":true},{"Title":"Vegan","Value":"Vegan","Quantity":35,"IsSelected":false,"IsPromoted":false,"PromotionSortWeight":0.0,"IsRemovable":true}],"FieldName":"Lifestyle","SortWeight":0.0,"IsDisplayed":true},{"OnDemandFacetValues":[{"Quantity":2,"IsSelected":false,"IsPromoted":false,"MinimumValue":"6","MaximumValue":"7","PromotionSortWeight":0.0,"IsRemovable":true},{"Quantity":1,"IsSelected":false,"IsPromoted":false,"MinimumValue":"9","MaximumValue":"10","PromotionSortWeight":0.0,"IsRemovable":true}],"Title":"Price Range","Quantity":124,"FacetType":2,"FacetValues":[{"Quantity":45,"IsSelected":false,"IsPromoted":false,"MinimumValue":"1","MaximumValue":"2","PromotionSortWeight":0.0,"IsRemovable":true},{"Quantity":38,"IsSelected":false,"IsPromoted":false,"MinimumValue":"0","MaximumValue":"1","PromotionSortWeight":0.0,"IsRemovable":true},{"Quantity":28,"IsSelected":false,"IsPromoted":false,"MinimumValue":"2","MaximumValue":"3","PromotionSortWeight":0.0,"IsRemovable":true},{"Quantity":6,"IsSelected":false,"IsPromoted":false,"MinimumValue":"3","MaximumValue":"4","PromotionSortWeight":0.0,"IsRemovable":true},{"Quantity":4,"IsSelected":false,"IsPromoted":false,"MinimumValue":"4","MaximumValue":"5","PromotionSortWeight":0.0,"IsRemovable":true}],"StartValue":"0","EndValue":"11","GapSize":"1","FieldName":"CurrentPrice","SortWeight":2.0,"IsDisplayed":false}],"PromotedFacetValues":[]}'
                                  data-promotedfacets="[]"
                                  data-corrected-search-term=""
                                  data-searchquery="gluten free"
                                  class="pb-3"
                                >
                                  <div id="vueSearchFacets">
                                    <form name="searchFacets">
                                      <!---->
                                      <div
                                        id="categoriesTree"
                                        class="bg-light facets-card categoriesTree"
                                      >
                                        <div
                                          data-oc-click="toggleSection"
                                          aria-expanded="true"
                                          aria-controls="categoryFacets"
                                          class="h4 searchToggle py-3 title"
                                        >
                                          <span
                                            aria-hidden="false"
                                            class="px-3 icon-reset"
                                            ><span
                                              class="align-left text-capitalize"
                                            >
                                              Categories</span
                                            ></span
                                          ><i
                                            class="fa fa-fw fa-lg fa-angle-up text-gray float-right pr-2"
                                          ></i>
                                        </div>
                                        <div
                                          id="categoryFacets"
                                          data-root-title="gluten free"
                                          class="filter-section"
                                        >
                                          <div class="mb-1 filter-title">
                                            <h6>
                                              <strong
                                                >All
                                                <span id="keywordInFacets"
                                                  >gluten free</span
                                                >
                                                (124)</strong
                                              >
                                            </h6>
                                          </div>
                                          <div class="facet-title">
                                            <div class="">
                                              <!---->
                                              <div class="filter-section-child">
                                                <div
                                                  data-facetfieldname="CategoryLevel1_Facet"
                                                  data-facettype="0"
                                                  class="mb-2 form-check"
                                                >
                                                  <button
                                                    name="btn-label"
                                                    class="m-0 form-check-label btn-label"
                                                  >
                                                    <input
                                                      type="checkbox"
                                                      name="CategoryLevel1_Facet"
                                                      data-facetfieldname="CategoryLevel1_Facet"
                                                      data-facetvalue="L1D"
                                                      data-type="0"
                                                      data-categoryid="L1D"
                                                      class="form-check-input"
                                                      value="L1D"
                                                    />
                                                    <span
                                                      class="facet-checkbox"
                                                    >
                                                      Chilled Food (50)
                                                    </span>
                                                  </button>
                                                  <!---->
                                                </div>
                                                <div
                                                  data-facetfieldname="CategoryLevel1_Facet"
                                                  data-facettype="0"
                                                  class="mb-2 form-check"
                                                >
                                                  <button
                                                    name="btn-label"
                                                    class="m-0 form-check-label btn-label"
                                                  >
                                                    <input
                                                      type="checkbox"
                                                      name="CategoryLevel1_Facet"
                                                      data-facetfieldname="CategoryLevel1_Facet"
                                                      data-facetvalue="GlutenFree"
                                                      data-type="0"
                                                      data-categoryid="GlutenFree"
                                                      class="form-check-input"
                                                      value="GlutenFree"
                                                    />
                                                    <span
                                                      class="facet-checkbox"
                                                    >
                                                      Gluten Free (29)
                                                    </span>
                                                  </button>
                                                  <!---->
                                                </div>
                                                <div
                                                  data-facetfieldname="CategoryLevel1_Facet"
                                                  data-facettype="0"
                                                  class="mb-2 form-check"
                                                >
                                                  <button
                                                    name="btn-label"
                                                    class="m-0 form-check-label btn-label"
                                                  >
                                                    <input
                                                      type="checkbox"
                                                      name="CategoryLevel1_Facet"
                                                      data-facetfieldname="CategoryLevel1_Facet"
                                                      data-facetvalue="L1F"
                                                      data-type="0"
                                                      data-categoryid="L1F"
                                                      class="form-check-input"
                                                      value="L1F"
                                                    />
                                                    <span
                                                      class="facet-checkbox"
                                                    >
                                                      Drinks (27)
                                                    </span>
                                                  </button>
                                                  <!---->
                                                </div>
                                                <div
                                                  data-facetfieldname="CategoryLevel1_Facet"
                                                  data-facettype="0"
                                                  class="mb-2 form-check"
                                                >
                                                  <button
                                                    name="btn-label"
                                                    class="m-0 form-check-label btn-label"
                                                  >
                                                    <input
                                                      type="checkbox"
                                                      name="CategoryLevel1_Facet"
                                                      data-facetfieldname="CategoryLevel1_Facet"
                                                      data-facetvalue="L1E"
                                                      data-type="0"
                                                      data-categoryid="L1E"
                                                      class="form-check-input"
                                                      value="L1E"
                                                    />
                                                    <span
                                                      class="facet-checkbox"
                                                    >
                                                      Food Cupboard (25)
                                                    </span>
                                                  </button>
                                                  <!---->
                                                </div>
                                                <div
                                                  data-facetfieldname="CategoryLevel1_Facet"
                                                  data-facettype="0"
                                                  class="mb-2 form-check"
                                                >
                                                  <button
                                                    name="btn-label"
                                                    class="m-0 form-check-label btn-label"
                                                  >
                                                    <input
                                                      type="checkbox"
                                                      name="CategoryLevel1_Facet"
                                                      data-facetfieldname="CategoryLevel1_Facet"
                                                      data-facetvalue="L1HealthyMeals"
                                                      data-type="0"
                                                      data-categoryid="L1HealthyMeals"
                                                      class="form-check-input"
                                                      value="L1HealthyMeals"
                                                    />
                                                    <span
                                                      class="facet-checkbox"
                                                    >
                                                      Healthy Meals (17)
                                                    </span>
                                                  </button>
                                                  <!---->
                                                </div>
                                                <div>
                                                  <div
                                                    id="onDemandFacets-undefined"
                                                    class="collapse"
                                                  >
                                                    <div
                                                      data-facetfieldname="CategoryLevel1_Facet"
                                                      data-facettype="0"
                                                      class="mb-2 form-check"
                                                    >
                                                      <button
                                                        name="btn-label"
                                                        class="m-0 form-check-label btn-label"
                                                      >
                                                        <input
                                                          type="checkbox"
                                                          name="CategoryLevel1_Facet"
                                                          data-facetfieldname="CategoryLevel1_Facet"
                                                          data-facetvalue="L1C"
                                                          data-type="0"
                                                          data-categoryid="L1C"
                                                          class="form-check-input"
                                                          value="L1C"
                                                        />
                                                        <span
                                                          class="facet-checkbox"
                                                        >
                                                          Fresh Food (8)
                                                        </span>
                                                      </button>
                                                      <!---->
                                                    </div>
                                                    <div
                                                      data-facetfieldname="CategoryLevel1_Facet"
                                                      data-facettype="0"
                                                      class="mb-2 form-check"
                                                    >
                                                      <button
                                                        name="btn-label"
                                                        class="m-0 form-check-label btn-label"
                                                      >
                                                        <input
                                                          type="checkbox"
                                                          name="CategoryLevel1_Facet"
                                                          data-facetfieldname="CategoryLevel1_Facet"
                                                          data-facetvalue="L1FoodSpecials"
                                                          data-type="0"
                                                          data-categoryid="L1FoodSpecials"
                                                          class="form-check-input"
                                                          value="L1FoodSpecials"
                                                        />
                                                        <span
                                                          class="facet-checkbox"
                                                        >
                                                          Food Specialbuys (6)
                                                        </span>
                                                      </button>
                                                      <!---->
                                                    </div>
                                                    <div
                                                      data-facetfieldname="CategoryLevel1_Facet"
                                                      data-facettype="0"
                                                      class="mb-2 form-check"
                                                    >
                                                      <button
                                                        name="btn-label"
                                                        class="m-0 form-check-label btn-label"
                                                      >
                                                        <input
                                                          type="checkbox"
                                                          name="CategoryLevel1_Facet"
                                                          data-facetfieldname="CategoryLevel1_Facet"
                                                          data-facetvalue="L1G"
                                                          data-type="0"
                                                          data-categoryid="L1G"
                                                          class="form-check-input"
                                                          value="L1G"
                                                        />
                                                        <span
                                                          class="facet-checkbox"
                                                        >
                                                          Frozen Food (6)
                                                        </span>
                                                      </button>
                                                      <!---->
                                                    </div>
                                                    <div
                                                      data-facetfieldname="CategoryLevel1_Facet"
                                                      data-facettype="0"
                                                      class="mb-2 form-check"
                                                    >
                                                      <button
                                                        name="btn-label"
                                                        class="m-0 form-check-label btn-label"
                                                      >
                                                        <input
                                                          type="checkbox"
                                                          name="CategoryLevel1_Facet"
                                                          data-facetfieldname="CategoryLevel1_Facet"
                                                          data-facetvalue="L1Autumn"
                                                          data-type="0"
                                                          data-categoryid="L1Autumn"
                                                          class="form-check-input"
                                                          value="L1Autumn"
                                                        />
                                                        <span
                                                          class="facet-checkbox"
                                                        >
                                                          Autumn (5)
                                                        </span>
                                                      </button>
                                                      <!---->
                                                    </div>
                                                    <div
                                                      data-facetfieldname="CategoryLevel1_Facet"
                                                      data-facettype="0"
                                                      class="mb-2 form-check"
                                                    >
                                                      <button
                                                        name="btn-label"
                                                        class="m-0 form-check-label btn-label"
                                                      >
                                                        <input
                                                          type="checkbox"
                                                          name="CategoryLevel1_Facet"
                                                          data-facetfieldname="CategoryLevel1_Facet"
                                                          data-facetvalue="L1Fakeaway"
                                                          data-type="0"
                                                          data-categoryid="L1Fakeaway"
                                                          class="form-check-input"
                                                          value="L1Fakeaway"
                                                        />
                                                        <span
                                                          class="facet-checkbox"
                                                        >
                                                          Big Night In (3)
                                                        </span>
                                                      </button>
                                                      <!---->
                                                    </div>
                                                    <div
                                                      data-facetfieldname="CategoryLevel1_Facet"
                                                      data-facettype="0"
                                                      class="mb-2 form-check"
                                                    >
                                                      <button
                                                        name="btn-label"
                                                        class="m-0 form-check-label btn-label"
                                                      >
                                                        <input
                                                          type="checkbox"
                                                          name="CategoryLevel1_Facet"
                                                          data-facetfieldname="CategoryLevel1_Facet"
                                                          data-facetvalue="L1I"
                                                          data-type="0"
                                                          data-categoryid="L1I"
                                                          class="form-check-input"
                                                          value="L1I"
                                                        />
                                                        <span
                                                          class="facet-checkbox"
                                                        >
                                                          Health &amp; Beauty
                                                          (3)
                                                        </span>
                                                      </button>
                                                      <!---->
                                                    </div>
                                                    <div
                                                      data-facetfieldname="CategoryLevel1_Facet"
                                                      data-facettype="0"
                                                      class="mb-2 form-check"
                                                    >
                                                      <button
                                                        name="btn-label"
                                                        class="m-0 form-check-label btn-label"
                                                      >
                                                        <input
                                                          type="checkbox"
                                                          name="CategoryLevel1_Facet"
                                                          data-facetfieldname="CategoryLevel1_Facet"
                                                          data-facetvalue="L1K"
                                                          data-type="0"
                                                          data-categoryid="L1K"
                                                          class="form-check-input"
                                                          value="L1K"
                                                        />
                                                        <span
                                                          class="facet-checkbox"
                                                        >
                                                          Pet Care (3)
                                                        </span>
                                                      </button>
                                                      <!---->
                                                    </div>
                                                    <div
                                                      data-facetfieldname="CategoryLevel1_Facet"
                                                      data-facettype="0"
                                                      class="mb-2 form-check"
                                                    >
                                                      <button
                                                        name="btn-label"
                                                        class="m-0 form-check-label btn-label"
                                                      >
                                                        <input
                                                          type="checkbox"
                                                          name="CategoryLevel1_Facet"
                                                          data-facetfieldname="CategoryLevel1_Facet"
                                                          data-facetvalue="L1SpeciallySelected"
                                                          data-type="0"
                                                          data-categoryid="L1SpeciallySelected"
                                                          class="form-check-input"
                                                          value="L1SpeciallySelected"
                                                        />
                                                        <span
                                                          class="facet-checkbox"
                                                        >
                                                          Specially Selected (3)
                                                        </span>
                                                      </button>
                                                      <!---->
                                                    </div>
                                                    <div
                                                      data-facetfieldname="CategoryLevel1_Facet"
                                                      data-facettype="0"
                                                      class="mb-2 form-check"
                                                    >
                                                      <button
                                                        name="btn-label"
                                                        class="m-0 form-check-label btn-label"
                                                      >
                                                        <input
                                                          type="checkbox"
                                                          name="CategoryLevel1_Facet"
                                                          data-facetfieldname="CategoryLevel1_Facet"
                                                          data-facetvalue="L1Veganuary"
                                                          data-type="0"
                                                          data-categoryid="L1Veganuary"
                                                          class="form-check-input"
                                                          value="L1Veganuary"
                                                        />
                                                        <span
                                                          class="facet-checkbox"
                                                        >
                                                          Vegan Range (3)
                                                        </span>
                                                      </button>
                                                      <!---->
                                                    </div>
                                                    <div
                                                      data-facetfieldname="CategoryLevel1_Facet"
                                                      data-facettype="0"
                                                      class="mb-2 form-check"
                                                    >
                                                      <button
                                                        name="btn-label"
                                                        class="m-0 form-check-label btn-label"
                                                      >
                                                        <input
                                                          type="checkbox"
                                                          name="CategoryLevel1_Facet"
                                                          data-facetfieldname="CategoryLevel1_Facet"
                                                          data-facetvalue="L1HighProtein"
                                                          data-type="0"
                                                          data-categoryid="L1HighProtein"
                                                          class="form-check-input"
                                                          value="L1HighProtein"
                                                        />
                                                        <span
                                                          class="facet-checkbox"
                                                        >
                                                          High Protein Foods (2)
                                                        </span>
                                                      </button>
                                                      <!---->
                                                    </div>
                                                    <div
                                                      data-facetfieldname="CategoryLevel1_Facet"
                                                      data-facettype="0"
                                                      class="mb-2 form-check"
                                                    >
                                                      <button
                                                        name="btn-label"
                                                        class="m-0 form-check-label btn-label"
                                                      >
                                                        <input
                                                          type="checkbox"
                                                          name="CategoryLevel1_Facet"
                                                          data-facetfieldname="CategoryLevel1_Facet"
                                                          data-facetvalue="L1RoastDinner"
                                                          data-type="0"
                                                          data-categoryid="L1RoastDinner"
                                                          class="form-check-input"
                                                          value="L1RoastDinner"
                                                        />
                                                        <span
                                                          class="facet-checkbox"
                                                        >
                                                          Roast Dinner (2)
                                                        </span>
                                                      </button>
                                                      <!---->
                                                    </div>
                                                    <div
                                                      data-facetfieldname="CategoryLevel1_Facet"
                                                      data-facettype="0"
                                                      class="mb-2 form-check"
                                                    >
                                                      <button
                                                        name="btn-label"
                                                        class="m-0 form-check-label btn-label"
                                                      >
                                                        <input
                                                          type="checkbox"
                                                          name="CategoryLevel1_Facet"
                                                          data-facetfieldname="CategoryLevel1_Facet"
                                                          data-facetvalue="L1B"
                                                          data-type="0"
                                                          data-categoryid="L1B"
                                                          class="form-check-input"
                                                          value="L1B"
                                                        />
                                                        <span
                                                          class="facet-checkbox"
                                                        >
                                                          Bakery (1)
                                                        </span>
                                                      </button>
                                                      <!---->
                                                    </div>
                                                    <div
                                                      data-facetfieldname="CategoryLevel1_Facet"
                                                      data-facettype="0"
                                                      class="mb-2 form-check"
                                                    >
                                                      <button
                                                        name="btn-label"
                                                        class="m-0 form-check-label btn-label"
                                                      >
                                                        <input
                                                          type="checkbox"
                                                          name="CategoryLevel1_Facet"
                                                          data-facetfieldname="CategoryLevel1_Facet"
                                                          data-facetvalue="L1H"
                                                          data-type="0"
                                                          data-categoryid="L1H"
                                                          class="form-check-input"
                                                          value="L1H"
                                                        />
                                                        <span
                                                          class="facet-checkbox"
                                                        >
                                                          Baby &amp; Toddler (1)
                                                        </span>
                                                      </button>
                                                      <!---->
                                                    </div>
                                                    <div
                                                      data-facetfieldname="CategoryLevel1_Facet"
                                                      data-facettype="0"
                                                      class="mb-2 form-check"
                                                    >
                                                      <button
                                                        name="btn-label"
                                                        class="m-0 form-check-label btn-label"
                                                      >
                                                        <input
                                                          type="checkbox"
                                                          name="CategoryLevel1_Facet"
                                                          data-facetfieldname="CategoryLevel1_Facet"
                                                          data-facetvalue="L1Lunchbox"
                                                          data-type="0"
                                                          data-categoryid="L1Lunchbox"
                                                          class="form-check-input"
                                                          value="L1Lunchbox"
                                                        />
                                                        <span
                                                          class="facet-checkbox"
                                                        >
                                                          Lunch Box (1)
                                                        </span>
                                                      </button>
                                                      <!---->
                                                    </div>
                                                    <div
                                                      data-facetfieldname="CategoryLevel1_Facet"
                                                      data-facettype="0"
                                                      class="mb-2 form-check"
                                                    >
                                                      <button
                                                        name="btn-label"
                                                        class="m-0 form-check-label btn-label"
                                                      >
                                                        <input
                                                          type="checkbox"
                                                          name="CategoryLevel1_Facet"
                                                          data-facetfieldname="CategoryLevel1_Facet"
                                                          data-facetvalue="L1MidweekMeals"
                                                          data-type="0"
                                                          data-categoryid="L1MidweekMeals"
                                                          class="form-check-input"
                                                          value="L1MidweekMeals"
                                                        />
                                                        <span
                                                          class="facet-checkbox"
                                                        >
                                                          Midweek Meals (1)
                                                        </span>
                                                      </button>
                                                      <!---->
                                                    </div>
                                                  </div>
                                                  <div>
                                                    <button
                                                      data-toggle="collapse"
                                                      data-oc-click="toggleSeeMoreLess"
                                                      data-target="#onDemandFacets-undefined"
                                                      class="btn btn-link collapsed font-weight-bold"
                                                    >
                                                      <span class="more"
                                                        >See more
                                                      </span>
                                                      <span class="less"
                                                        >See less
                                                      </span>
                                                    </button>
                                                  </div>
                                                </div>
                                              </div>
                                            </div>
                                          </div>
                                        </div>
                                      </div>
                                      <div>
                                        <div
                                          data-facetfieldname="BrandForFacet"
                                          data-facettype="MultiSelect"
                                          data-max-label="All"
                                          class="bg-light facets-card"
                                        >
                                          <div data-qa="search-refiner">
                                            <div
                                              data-oc-click="toggleSection"
                                              aria-selected="true"
                                              tabindex="0"
                                              class="h4 searchToggle py-3 title"
                                            >
                                              <span
                                                aria-hidden="false"
                                                class="px-3 icon-reset"
                                                ><span
                                                  aria-label="Brand"
                                                  class="align-left text-capitalize"
                                                >
                                                  Brand</span
                                                ></span
                                              ><i
                                                class="fa fa-fw fa-lg fa-angle-up text-gray float-right pr-2"
                                              ></i>
                                            </div>
                                            <div class="filter-section">
                                              <!---->
                                              <div>
                                                <div>
                                                  <div>
                                                    <div
                                                      class="form-check mb-2 facet-child"
                                                    >
                                                      <label class="m-0"
                                                        ><input
                                                          id="BrandForFacet-Merevale"
                                                          type="checkbox"
                                                          name="BrandForFacet[]"
                                                          data-oc-click="multiFacetChanged"
                                                          xmlns:v-on="v-on"
                                                          xmlns:v-bind="v-bind"
                                                          class="form-check-input"
                                                          value="Merevale"
                                                        />
                                                        <h6
                                                          class="facet-checkbox"
                                                        >
                                                          Merevale (20)
                                                        </h6></label
                                                      >
                                                    </div>
                                                  </div>
                                                </div>
                                                <div>
                                                  <div>
                                                    <div
                                                      class="form-check mb-2 facet-child"
                                                    >
                                                      <label class="m-0"
                                                        ><input
                                                          id="BrandForFacet-Brooklea"
                                                          type="checkbox"
                                                          name="BrandForFacet[]"
                                                          data-oc-click="multiFacetChanged"
                                                          xmlns:v-on="v-on"
                                                          xmlns:v-bind="v-bind"
                                                          class="form-check-input"
                                                          value="Brooklea"
                                                        />
                                                        <h6
                                                          class="facet-checkbox"
                                                        >
                                                          Brooklea (19)
                                                        </h6></label
                                                      >
                                                    </div>
                                                  </div>
                                                </div>
                                                <div>
                                                  <div>
                                                    <div
                                                      class="form-check mb-2 facet-child"
                                                    >
                                                      <label class="m-0"
                                                        ><input
                                                          id="BrandForFacet-Dominion"
                                                          type="checkbox"
                                                          name="BrandForFacet[]"
                                                          data-oc-click="multiFacetChanged"
                                                          xmlns:v-on="v-on"
                                                          xmlns:v-bind="v-bind"
                                                          class="form-check-input"
                                                          value="Dominion"
                                                        />
                                                        <h6
                                                          class="facet-checkbox"
                                                        >
                                                          Dominion (16)
                                                        </h6></label
                                                      >
                                                    </div>
                                                  </div>
                                                </div>
                                                <div>
                                                  <div>
                                                    <div
                                                      class="form-check mb-2 facet-child"
                                                    >
                                                      <label class="m-0"
                                                        ><input
                                                          id="BrandForFacet-Ashfields"
                                                          type="checkbox"
                                                          name="BrandForFacet[]"
                                                          data-oc-click="multiFacetChanged"
                                                          xmlns:v-on="v-on"
                                                          xmlns:v-bind="v-bind"
                                                          class="form-check-input"
                                                          value="Ashfields"
                                                        />
                                                        <h6
                                                          class="facet-checkbox"
                                                        >
                                                          Ashfields (4)
                                                        </h6></label
                                                      >
                                                    </div>
                                                  </div>
                                                </div>
                                                <div>
                                                  <div>
                                                    <div
                                                      class="form-check mb-2 facet-child"
                                                    >
                                                      <label class="m-0"
                                                        ><input
                                                          id="BrandForFacet-Plant Menu"
                                                          type="checkbox"
                                                          name="BrandForFacet[]"
                                                          data-oc-click="multiFacetChanged"
                                                          xmlns:v-on="v-on"
                                                          xmlns:v-bind="v-bind"
                                                          class="form-check-input"
                                                          value="Plant Menu"
                                                        />
                                                        <h6
                                                          class="facet-checkbox"
                                                        >
                                                          Plant Menu (3)
                                                        </h6></label
                                                      >
                                                    </div>
                                                  </div>
                                                </div>
                                                <div>
                                                  <div>
                                                    <div
                                                      class="form-check mb-2 facet-child"
                                                    >
                                                      <label class="m-0"
                                                        ><input
                                                          id="BrandForFacet-Specially Selected"
                                                          type="checkbox"
                                                          name="BrandForFacet[]"
                                                          data-oc-click="multiFacetChanged"
                                                          xmlns:v-on="v-on"
                                                          xmlns:v-bind="v-bind"
                                                          class="form-check-input"
                                                          value="Specially Selected"
                                                        />
                                                        <h6
                                                          class="facet-checkbox"
                                                        >
                                                          Specially Selected (3)
                                                        </h6></label
                                                      >
                                                    </div>
                                                  </div>
                                                </div>
                                                <div>
                                                  <div>
                                                    <div
                                                      class="form-check mb-2 facet-child"
                                                    >
                                                      <label class="m-0"
                                                        ><input
                                                          id="BrandForFacet-Bramwells"
                                                          type="checkbox"
                                                          name="BrandForFacet[]"
                                                          data-oc-click="multiFacetChanged"
                                                          xmlns:v-on="v-on"
                                                          xmlns:v-bind="v-bind"
                                                          class="form-check-input"
                                                          value="Bramwells"
                                                        />
                                                        <h6
                                                          class="facet-checkbox"
                                                        >
                                                          Bramwells (1)
                                                        </h6></label
                                                      >
                                                    </div>
                                                  </div>
                                                </div>
                                                <div>
                                                  <div>
                                                    <div
                                                      class="form-check mb-2 facet-child"
                                                    >
                                                      <label class="m-0"
                                                        ><input
                                                          id="BrandForFacet-Cowbelle"
                                                          type="checkbox"
                                                          name="BrandForFacet[]"
                                                          data-oc-click="multiFacetChanged"
                                                          xmlns:v-on="v-on"
                                                          xmlns:v-bind="v-bind"
                                                          class="form-check-input"
                                                          value="Cowbelle"
                                                        />
                                                        <h6
                                                          class="facet-checkbox"
                                                        >
                                                          Cowbelle (1)
                                                        </h6></label
                                                      >
                                                    </div>
                                                  </div>
                                                </div>
                                                <div>
                                                  <div>
                                                    <div
                                                      class="form-check mb-2 facet-child"
                                                    >
                                                      <label class="m-0"
                                                        ><input
                                                          id="BrandForFacet-Earls"
                                                          type="checkbox"
                                                          name="BrandForFacet[]"
                                                          data-oc-click="multiFacetChanged"
                                                          xmlns:v-on="v-on"
                                                          xmlns:v-bind="v-bind"
                                                          class="form-check-input"
                                                          value="Earls"
                                                        />
                                                        <h6
                                                          class="facet-checkbox"
                                                        >
                                                          Earls (1)
                                                        </h6></label
                                                      >
                                                    </div>
                                                  </div>
                                                </div>
                                                <div>
                                                  <div>
                                                    <div
                                                      class="form-check mb-2 facet-child"
                                                    >
                                                      <label class="m-0"
                                                        ><input
                                                          id="BrandForFacet-Emporium"
                                                          type="checkbox"
                                                          name="BrandForFacet[]"
                                                          data-oc-click="multiFacetChanged"
                                                          xmlns:v-on="v-on"
                                                          xmlns:v-bind="v-bind"
                                                          class="form-check-input"
                                                          value="Emporium"
                                                        />
                                                        <h6
                                                          class="facet-checkbox"
                                                        >
                                                          Emporium (1)
                                                        </h6></label
                                                      >
                                                    </div>
                                                  </div>
                                                </div>
                                              </div>
                                              <!---->
                                              <div>
                                                <ul
                                                  class="list-unstyled collapse onDemandFacets-BrandForFacet"
                                                >
                                                  <!----><!----><!---->
                                                  <li>
                                                    <div>
                                                      <div
                                                        class="form-check mb-2 facet-child"
                                                      >
                                                        <label class="m-0"
                                                          ><input
                                                            id="BrandForFacet-Mamia"
                                                            type="checkbox"
                                                            name="BrandForFacet[]"
                                                            data-oc-click="multiFacetChanged"
                                                            xmlns:v-on="v-on"
                                                            xmlns:v-bind="v-bind"
                                                            class="form-check-input"
                                                            value="Mamia"
                                                          />
                                                          <h6
                                                            class="facet-checkbox"
                                                          >
                                                            Mamia (1)
                                                          </h6></label
                                                        >
                                                      </div>
                                                    </div>
                                                  </li>
                                                  <li>
                                                    <div>
                                                      <div
                                                        class="form-check mb-2 facet-child"
                                                      >
                                                        <label class="m-0"
                                                          ><input
                                                            id="BrandForFacet-The Fishmonger"
                                                            type="checkbox"
                                                            name="BrandForFacet[]"
                                                            data-oc-click="multiFacetChanged"
                                                            xmlns:v-on="v-on"
                                                            xmlns:v-bind="v-bind"
                                                            class="form-check-input"
                                                            value="The Fishmonger"
                                                          />
                                                          <h6
                                                            class="facet-checkbox"
                                                          >
                                                            The Fishmonger (1)
                                                          </h6></label
                                                        >
                                                      </div>
                                                    </div>
                                                  </li>
                                                  <li>
                                                    <div>
                                                      <div
                                                        class="form-check mb-2 facet-child"
                                                      >
                                                        <label class="m-0"
                                                          ><input
                                                            id="BrandForFacet-Vive"
                                                            type="checkbox"
                                                            name="BrandForFacet[]"
                                                            data-oc-click="multiFacetChanged"
                                                            xmlns:v-on="v-on"
                                                            xmlns:v-bind="v-bind"
                                                            class="form-check-input"
                                                            value="Vive"
                                                          />
                                                          <h6
                                                            class="facet-checkbox"
                                                          >
                                                            Vive (1)
                                                          </h6></label
                                                        >
                                                      </div>
                                                    </div>
                                                  </li>
                                                </ul>
                                                <button
                                                  data-toggle="collapse"
                                                  data-target=".onDemandFacets-BrandForFacet"
                                                  data-label-showmore="See more"
                                                  data-label-showless="See less"
                                                  data-oc-click="toggleFacetList"
                                                  class="btn btn-link"
                                                >
                                                  See more
                                                </button>
                                              </div>
                                            </div>
                                          </div>
                                        </div>
                                      </div>
                                      <!---->
                                      <div>
                                        <div
                                          data-facetfieldname="Lifestyle"
                                          data-facettype="MultiSelect"
                                          data-max-label="All"
                                          class="bg-light facets-card"
                                        >
                                          <div data-qa="search-refiner">
                                            <div
                                              data-oc-click="toggleSection"
                                              aria-selected="true"
                                              tabindex="0"
                                              class="h4 searchToggle py-3 title"
                                            >
                                              <span
                                                aria-hidden="false"
                                                class="px-3 icon-reset"
                                                ><span
                                                  aria-label="Lifestyle"
                                                  class="align-left text-capitalize"
                                                >
                                                  Lifestyle</span
                                                ></span
                                              ><i
                                                class="fa fa-fw fa-lg fa-angle-up text-gray float-right pr-2"
                                              ></i>
                                            </div>
                                            <div class="filter-section">
                                              <!---->
                                              <div>
                                                <div>
                                                  <div>
                                                    <div
                                                      class="form-check mb-2 facet-child"
                                                    >
                                                      <label class="m-0"
                                                        ><input
                                                          id="Lifestyle-Vegetarian"
                                                          type="checkbox"
                                                          name="Lifestyle[]"
                                                          data-oc-click="multiFacetChanged"
                                                          xmlns:v-on="v-on"
                                                          xmlns:v-bind="v-bind"
                                                          class="form-check-input"
                                                          value="Vegetarian"
                                                        />
                                                        <h6
                                                          class="facet-checkbox"
                                                        >
                                                          Vegetarian (86)
                                                        </h6></label
                                                      >
                                                    </div>
                                                  </div>
                                                </div>
                                                <div>
                                                  <div>
                                                    <div
                                                      class="form-check mb-2 facet-child"
                                                    >
                                                      <label class="m-0"
                                                        ><input
                                                          id="Lifestyle-Vegan"
                                                          type="checkbox"
                                                          name="Lifestyle[]"
                                                          data-oc-click="multiFacetChanged"
                                                          xmlns:v-on="v-on"
                                                          xmlns:v-bind="v-bind"
                                                          class="form-check-input"
                                                          value="Vegan"
                                                        />
                                                        <h6
                                                          class="facet-checkbox"
                                                        >
                                                          Vegan (35)
                                                        </h6></label
                                                      >
                                                    </div>
                                                  </div>
                                                </div>
                                              </div>
                                              <!---->
                                              <div>
                                                <ul
                                                  class="list-unstyled collapse onDemandFacets-Lifestyle"
                                                ></ul>
                                                <!---->
                                              </div>
                                            </div>
                                          </div>
                                        </div>
                                      </div>
                                      <!---->
                                    </form>
                                  </div>
                                </div>
                              </div>
                              <div class="facets-modal-footer">
                                <div class="row w-100">
                                  <div class="col">
                                    <button
                                      class="btn btn-block btn-outline-primary modal--cancel"
                                    >
                                      Clear all
                                    </button>
                                  </div>
                                  <div class="col">
                                    <button
                                      class="btn btn-block btn-primary modal--confirm"
                                    >
                                      Apply Filters
                                    </button>
                                  </div>
                                </div>
                              </div>
                            </div>
                          </div>
                        </div>
                      </div>
                    </div>
                  </div>
                  <div class="col-12 col-lg-9 mt-3 pl-1">
                    <div id="search-right" class="card shadow">
                      <div class="card-body">
                        <div class="row filters-row mb-4">
                          <div class="col-6 d-lg-none">
                            <section id="vueFacetsFilterBy">
                              <button
                                id="mobile-filter-toggle"
                                type="button"
                                data-toggle="modal"
                                data-target="#facetsModal"
                                aria-expanded="false"
                                class="btn btn-filter arrow btn-dropdown btn-block shadow"
                              >
                                <span>Filter By</span>
                              </button>
                            </section>
                          </div>
                          <div class="col-6">
                            <div
                              id="vueSearchResults47e76e087fd44dcba85e7604a5e45b6d"
                              data-oc-controller="ContentSearch.SearchResults"
                              data-available-sort='[{"DisplayName":"Relevance","Url":"/en-GB/Search?keywords=gluten+free&amp;sortBy=score&amp;sortDirection=desc&amp;page=1","SortingType":"scoredesc"},{"DisplayName":"Price: Low to High","Url":"/en-GB/Search?keywords=gluten+free&amp;sortBy=DisplayPrice&amp;sortDirection=asc&amp;page=1","SortingType":"DisplayPriceasc"},{"DisplayName":"Price: High to low","Url":"/en-GB/Search?keywords=gluten+free&amp;sortBy=DisplayPrice&amp;sortDirection=desc&amp;page=1","SortingType":"DisplayPricedesc"},{"DisplayName":"Name: A to Z","Url":"/en-GB/Search?keywords=gluten+free&amp;sortBy=DisplayName_Sort&amp;sortDirection=asc&amp;page=1","SortingType":"DisplayName_Sortasc"},{"DisplayName":"Name: Z to A","Url":"/en-GB/Search?keywords=gluten+free&amp;sortBy=DisplayName_Sort&amp;sortDirection=desc&amp;page=1","SortingType":"DisplayName_Sortdesc"}]'
                              data-selected-sort='{"DisplayName":"Relevance","Value":"score"}'
                              data-vueid="vueSearchResults47e76e087fd44dcba85e7604a5e45b6d"
                              xmlns:v-on="v-on"
                              xmlns:v-bind="v-bind"
                              class="dropdown sort-by"
                            >
                              <button
                                type="button"
                                data-qa="search-sort-by-toggle"
                                data-toggle="dropdown"
                                aria-expanded="true"
                                class="btn btn-filter arrow dropdown-toggle shadow"
                              >
                                Relevance
                              </button>
                              <div
                                role="menu"
                                data-qa="search-sort-by"
                                class="dropdown-menu dropdown-menu-sm-right dropdown-menu-md-right"
                              >
                                <a class="dropdown-item"> Relevance </a
                                ><a class="dropdown-item">
                                  Price: Low to High </a
                                ><a class="dropdown-item">
                                  Price: High to low </a
                                ><a class="dropdown-item"> Name: A to Z </a
                                ><a class="dropdown-item"> Name: Z to A </a>
                              </div>
                            </div>
                          </div>
                          <div class="col-6 d-none d-lg-block">
                            <div
                              id="vueSearchResults91335eb4682e46ad8151d8bc2701fc89"
                              data-oc-controller="ContentSearch.SearchResults"
                              xmlns:v-on="v-on"
                              xmlns:v-bind="v-bind"
                              data-vueid="vueSearchResults91335eb4682e46ad8151d8bc2701fc89"
                              data-pages="4"
                              class="pagination-dropdown"
                            >
                              <ul
                                class="pagination m-0 align-items-center justify-content-end"
                              >
                                <li class="page-item previous disabled">
                                  <a title="Previous" class="btn-nav bg-white"
                                    ><img
                                      src="//aldiprdcmscontent.azureedge.net/UI.Package/Images/chevron-left.svg?4c2ae88c"
                                  /></a>
                                </li>
                                <li class="page-item mx-2">
                                  <div class="dropdown">
                                    <button
                                      type="button"
                                      data-qa="page-select-toggle"
                                      data-toggle="dropdown"
                                      aria-expanded="true"
                                      class="btn btn-filter arrow dropdown-toggle shadow width-180"
                                    >
                                      page&nbsp;1
                                    </button>
                                    <div
                                      role="menu"
                                      data-qa="page-select"
                                      class="dropdown-menu dropdown-menu-sm-right dropdown-menu-md-right"
                                    >
                                      <a class="dropdown-item"> page&nbsp;1 </a
                                      ><a class="dropdown-item"> page&nbsp;2 </a
                                      ><a class="dropdown-item"> page&nbsp;3 </a
                                      ><a class="dropdown-item">
                                        page&nbsp;4
                                      </a>
                                    </div>
                                  </div>
                                </li>
                                <li class="page-item">
                                  <span class="d-flex-inline pt-2">
                                    &nbsp;of 4&nbsp;
                                  </span>
                                </li>
                                <li class="page-item next ml-2">
                                  <a title="Next" class="btn-nav bg-white"
                                    ><img
                                      src="//aldiprdcmscontent.azureedge.net/UI.Package/Images/chevron-right.svg?4c280ae5"
                                  /></a>
                                </li>
                              </ul>
                            </div>
                          </div>
                        </div>
                        <div
                          id="searchResults"
                          class="products-search-results"
                          data-oc-controller="Product.SearchResults"
                          data-debouncetime="50"
                          data-context='{"SearchResults":[{"FullDisplayName":"The Foodie Market Gluten Free Chickpea Fusilli 250g","DefinitionName":"Food","SearchTerm":null,"HasPriceRange":false,"PriceListId":"StoreLevelPricesExcVAT","ListPrice":0.99,"Price":null,"ItemFormat":1.0,"IsSeasonalProductAvailableForCollect":false,"QtyMaxReachMessage":null,"RemoveOnlyEditedProductMessage":null,"ProductId":"4088600206486","VariantId":null,"HasVariants":false,"Sku":"4088600206486","DisplayName":"The Foodie Market Gluten Free Chickpea Fusilli 250g","Brand":null,"BrandId":null,"Description":null,"Url":"/en-GB/p-the-foodie-market-gluten-free-chickpea-fusilli-250g/4088600206486","ImageUrl":"https://aldprdproductimages.azureedge.net/media/resized\\$Aldi_GB\\10.11.22\\4088600206486_0_M.jpg","FallbackImageUrl":"https://aldprdproductimages.azureedge.net/media/image_not_found.jpg","IsAvailableToSell":true,"CategoryId":"C5402","CategoryUrl":"/en-GB/food-cupboard/rice-pasta-noodles/pasta-noodles","IsRecurringOrderEligible":false,"RecurringOrderProgramName":null,"DisplayPrice":"Â£0.99","DisplaySpecialPrice":null,"IsOnSale":false,"SellingMethod":"Unit","UnitOfMeasure":"unit","IsUnit":true,"IsUnitMeasure":true,"IsApproxUnit":false,"DrsFee":null,"DRSFeeIreland":null,"DRSFeeDescription":null,"JsonContext":"{\"IsRecurringOrderEligible\":false}","DefaultListPrice":null,"CurrentListPrice":null,"SizeVolume":"250g","UnitPriceDeclaration":"per 100g","UnitPrice":null,"HasUnitPrice":null,"ImageRibbonText":null,"ImageBannerText":null,"ImageBadges":null,"ImageBadges_Facet":null,"Badges":null,"AssortmentState":null,"ImageRibbonColour":null,"ImageBannerColour":null},{"FullDisplayName":"The Foodie Market Gluten Free Red Lentil &amp; Beetroot Fusilli 250g","DefinitionName":"Food","SearchTerm":null,"HasPriceRange":false,"PriceListId":"StoreLevelPricesExcVAT","ListPrice":0.99,"Price":null,"ItemFormat":1.0,"IsSeasonalProductAvailableForCollect":false,"QtyMaxReachMessage":null,"RemoveOnlyEditedProductMessage":null,"ProductId":"4088600206462","VariantId":null,"HasVariants":false,"Sku":"4088600206462","DisplayName":"The Foodie Market Gluten Free Red Lentil &amp; Beetroot Fus","Brand":null,"BrandId":null,"Description":null,"Url":"/en-GB/p-the-foodie-market-gluten-free-red-lentil-beetroot-fusilli-250g/4088600206462","ImageUrl":"https://aldprdproductimages.azureedge.net/media/resized\\$Aldi_GB\\25.05.23\\4088600206462_0_M.jpg","FallbackImageUrl":"https://aldprdproductimages.azureedge.net/media/image_not_found.jpg","IsAvailableToSell":true,"CategoryId":"C5402","CategoryUrl":"/en-GB/food-cupboard/rice-pasta-noodles/pasta-noodles","IsRecurringOrderEligible":false,"RecurringOrderProgramName":null,"DisplayPrice":"Â£0.99","DisplaySpecialPrice":null,"IsOnSale":false,"SellingMethod":"Unit","UnitOfMeasure":"unit","IsUnit":true,"IsUnitMeasure":true,"IsApproxUnit":false,"DrsFee":null,"DRSFeeIreland":null,"DRSFeeDescription":null,"JsonContext":"{\"IsRecurringOrderEligible\":false}","DefaultListPrice":null,"CurrentListPrice":null,"SizeVolume":"250g","UnitPriceDeclaration":"per 100g","UnitPrice":null,"HasUnitPrice":null,"ImageRibbonText":null,"ImageBannerText":null,"ImageBadges":null,"ImageBadges_Facet":null,"Badges":null,"AssortmentState":null,"ImageRibbonColour":null,"ImageBannerColour":null},{"FullDisplayName":"The Foodie Market Gluten Free Green Pea Penne 250g","DefinitionName":"Food","SearchTerm":null,"HasPriceRange":false,"PriceListId":"StoreLevelPricesExcVAT","ListPrice":0.99,"Price":null,"ItemFormat":1.0,"IsSeasonalProductAvailableForCollect":false,"QtyMaxReachMessage":null,"RemoveOnlyEditedProductMessage":null,"ProductId":"4088600206479","VariantId":null,"HasVariants":false,"Sku":"4088600206479","DisplayName":"The Foodie Market Gluten Free Green Pea Penne 250g","Brand":null,"BrandId":null,"Description":null,"Url":"/en-GB/p-the-foodie-market-gluten-free-green-pea-penne-250g/4088600206479","ImageUrl":"https://aldprdproductimages.azureedge.net/media/resized\\$Aldi_GB\\25.05.23\\4088600206479_0_M.jpg","FallbackImageUrl":"https://aldprdproductimages.azureedge.net/media/image_not_found.jpg","IsAvailableToSell":true,"CategoryId":"C5402","CategoryUrl":"/en-GB/food-cupboard/rice-pasta-noodles/pasta-noodles","IsRecurringOrderEligible":false,"RecurringOrderProgramName":null,"DisplayPrice":"Â£0.99","DisplaySpecialPrice":null,"IsOnSale":false,"SellingMethod":"Unit","UnitOfMeasure":"unit","IsUnit":true,"IsUnitMeasure":true,"IsApproxUnit":false,"DrsFee":null,"DRSFeeIreland":null,"DRSFeeDescription":null,"JsonContext":"{\"IsRecurringOrderEligible\":false}","DefaultListPrice":null,"CurrentListPrice":null,"SizeVolume":"250g","UnitPriceDeclaration":"per 100g","UnitPrice":null,"HasUnitPrice":null,"ImageRibbonText":null,"ImageBannerText":null,"ImageBadges":null,"ImageBadges_Facet":null,"Badges":null,"AssortmentState":null,"ImageRibbonColour":null,"ImageBannerColour":null},{"FullDisplayName":"Henney&apos;s Classic Cider 500ml","DefinitionName":"SpiritsBeers","SearchTerm":null,"HasPriceRange":false,"PriceListId":"StoreLevelPricesExcVAT","ListPrice":1.6583,"Price":null,"ItemFormat":1.0,"IsSeasonalProductAvailableForCollect":false,"QtyMaxReachMessage":null,"RemoveOnlyEditedProductMessage":null,"ProductId":"5060014570130","VariantId":null,"HasVariants":false,"Sku":"5060014570130","DisplayName":"Henney&apos;s Classic Cider 500ml","Brand":null,"BrandId":null,"Description":null,"Url":"/en-GB/p-henneys-classic-cider-500ml/5060014570130","ImageUrl":"https://aldprdproductimages.azureedge.net/media/$Aldi_GB/16.05.22 (2)/5060014570130_0.jpg","FallbackImageUrl":"https://aldprdproductimages.azureedge.net/media/image_not_found.jpg","IsAvailableToSell":true,"CategoryId":"L3FAC","CategoryUrl":"/en-GB/drinks/beers-ciders/cider","IsRecurringOrderEligible":false,"RecurringOrderProgramName":null,"DisplayPrice":"Â£1.66","DisplaySpecialPrice":null,"IsOnSale":false,"SellingMethod":"Unit","UnitOfMeasure":"unit","IsUnit":true,"IsUnitMeasure":true,"IsApproxUnit":false,"DrsFee":null,"DRSFeeIreland":null,"DRSFeeDescription":null,"JsonContext":"{\"IsRecurringOrderEligible\":false}","DefaultListPrice":null,"CurrentListPrice":null,"SizeVolume":"500ml","UnitPriceDeclaration":"per litre","UnitPrice":null,"HasUnitPrice":null,"ImageRibbonText":null,"ImageBannerText":null,"ImageBadges":null,"ImageBadges_Facet":null,"Badges":null,"AssortmentState":null,"ImageRibbonColour":null,"ImageBannerColour":null},{"FullDisplayName":"Coca-Cola Zero Sugar 8x330ml","DefinitionName":"Food","SearchTerm":null,"HasPriceRange":false,"PriceListId":"StoreLevelPricesExcVAT","ListPrice":3.5417,"Price":null,"ItemFormat":1.0,"IsSeasonalProductAvailableForCollect":false,"QtyMaxReachMessage":null,"RemoveOnlyEditedProductMessage":null,"ProductId":"5449000031341","VariantId":null,"HasVariants":false,"Sku":"5449000031341","DisplayName":"Coca-Cola Zero Sugar 8x330ml","Brand":null,"BrandId":null,"Description":null,"Url":"/en-GB/p-coca-cola-zero-sugar-8x330ml/5449000031341","ImageUrl":"https://aldprdproductimages.azureedge.net/media/$Aldi_GB/5449000031341_c56e9b7073c14d1ab5f6e1ff351f3050.jpg","FallbackImageUrl":"https://aldprdproductimages.azureedge.net/media/image_not_found.jpg","IsAvailableToSell":true,"CategoryId":"L3FDC","CategoryUrl":"/en-GB/drinks/soft-drinks-juices/soft-fizzy-drinks","IsRecurringOrderEligible":false,"RecurringOrderProgramName":null,"DisplayPrice":"Â£3.54","DisplaySpecialPrice":null,"IsOnSale":false,"SellingMethod":"Unit","UnitOfMeasure":"unit","IsUnit":true,"IsUnitMeasure":true,"IsApproxUnit":false,"DrsFee":null,"DRSFeeIreland":null,"DRSFeeDescription":null,"JsonContext":"{\"IsRecurringOrderEligible\":false}","DefaultListPrice":null,"CurrentListPrice":null,"SizeVolume":"8x330ml","UnitPriceDeclaration":"per 100ml","UnitPrice":null,"HasUnitPrice":null,"ImageRibbonText":null,"ImageBannerText":null,"ImageBadges":null,"ImageBadges_Facet":null,"Badges":null,"AssortmentState":null,"ImageRibbonColour":null,"ImageBannerColour":null},{"FullDisplayName":"Diet Coke 8 X 330ml","DefinitionName":"Food","SearchTerm":null,"HasPriceRange":false,"PriceListId":"StoreLevelPricesExcVAT","ListPrice":3.5417,"Price":null,"ItemFormat":1.0,"IsSeasonalProductAvailableForCollect":false,"QtyMaxReachMessage":null,"RemoveOnlyEditedProductMessage":null,"ProductId":"5449000004451","VariantId":null,"HasVariants":false,"Sku":"5449000004451","DisplayName":"Diet Coke 8 X 330ml","Brand":null,"BrandId":null,"Description":null,"Url":"/en-GB/p-diet-coke-8-x-330ml/5449000004451","ImageUrl":"https://aldprdproductimages.azureedge.net/media/$Aldi_GB/5449000004451_034bb5f73dfa4efebcdbd35ae274aabc.jpg","FallbackImageUrl":"https://aldprdproductimages.azureedge.net/media/image_not_found.jpg","IsAvailableToSell":true,"CategoryId":"L3FDC","CategoryUrl":"/en-GB/drinks/soft-drinks-juices/soft-fizzy-drinks","IsRecurringOrderEligible":false,"RecurringOrderProgramName":null,"DisplayPrice":"Â£3.54","DisplaySpecialPrice":null,"IsOnSale":false,"SellingMethod":"Unit","UnitOfMeasure":"unit","IsUnit":true,"IsUnitMeasure":true,"IsApproxUnit":false,"DrsFee":null,"DRSFeeIreland":null,"DRSFeeDescription":null,"JsonContext":"{\"IsRecurringOrderEligible\":false}","DefaultListPrice":null,"CurrentListPrice":null,"SizeVolume":"8 x 330ml","UnitPriceDeclaration":"per 100ml","UnitPrice":null,"HasUnitPrice":null,"ImageRibbonText":null,"ImageBannerText":null,"ImageBadges":null,"ImageBadges_Facet":null,"Badges":null,"AssortmentState":null,"ImageRibbonColour":null,"ImageBannerColour":null},{"FullDisplayName":"Edwards 6 Traditional Pork Sausages 400g","DefinitionName":"Chilled","SearchTerm":null,"HasPriceRange":false,"PriceListId":"StoreLevelPricesExcVAT","ListPrice":2.75,"Price":null,"ItemFormat":1.0,"IsSeasonalProductAvailableForCollect":false,"QtyMaxReachMessage":null,"RemoveOnlyEditedProductMessage":null,"ProductId":"5060059531028","VariantId":null,"HasVariants":false,"Sku":"5060059531028","DisplayName":"Edwards 6 Traditional Pork Sausages 400g","Brand":null,"BrandId":null,"Description":null,"Url":"/en-GB/p-edwards-6-traditional-pork-sausages-400g/5060059531028","ImageUrl":"https://aldprdproductimages.azureedge.net/media/resized\\$Aldi_GB\\16.08.23\\5060059531028_0_M.jpg","FallbackImageUrl":"https://aldprdproductimages.azureedge.net/media/image_not_found.jpg","IsAvailableToSell":true,"CategoryId":"C6802","CategoryUrl":"/en-GB/fresh-food/meat-poultry/sausages","IsRecurringOrderEligible":false,"RecurringOrderProgramName":null,"DisplayPrice":"Â£2.75","DisplaySpecialPrice":null,"IsOnSale":false,"SellingMethod":"Unit","UnitOfMeasure":"unit","IsUnit":true,"IsUnitMeasure":true,"IsApproxUnit":false,"DrsFee":null,"DRSFeeIreland":null,"DRSFeeDescription":null,"JsonContext":"{\"IsRecurringOrderEligible\":false}","DefaultListPrice":null,"CurrentListPrice":null,"SizeVolume":"400g","UnitPriceDeclaration":"per kg","UnitPrice":null,"HasUnitPrice":null,"ImageRibbonText":null,"ImageBannerText":null,"ImageBadges":["Made In Britain","Made With 100 British Pork","Red Tractor Certified Standards"],"ImageBadges_Facet":["LOOKUP::Offer Type::MadeInBritain|MadeWith100BritishPork|RedTractorCertifiedStandards"],"Badges":{"MadeInBritain":{"Url":"/media/ec51c9cc-82f4-4ac6-8c36-a5ba4bdbd9c8/MkrDRg/Badges/MadeInBritain.png","Title":"MadeInBritain","Description":""},"MadeWith100BritishPork":{"Url":"/media/4e13b184-f79c-425e-9e34-2fddf0f4fcc1/suFqRg/Badges/MadeWith100BritishPork.png","Title":"MadeWith100BritishPork","Description":""},"RedTractorCertifiedStandards":{"Url":"/media/db1d2f54-3a38-4fab-af12-84236efb67a7/suFqRg/Badges/RedTractorCertifiedStandards.png","Title":"RedTractorCertifiedStandards","Description":""}},"AssortmentState":null,"ImageRibbonColour":null,"ImageBannerColour":null},{"FullDisplayName":"Downies Of Whitehills Traditional Cullen Skink 300g","DefinitionName":"Chilled","SearchTerm":null,"HasPriceRange":false,"PriceListId":"StoreLevelPricesExcVAT","ListPrice":1.69,"Price":null,"ItemFormat":1.0,"IsSeasonalProductAvailableForCollect":false,"QtyMaxReachMessage":null,"RemoveOnlyEditedProductMessage":null,"ProductId":"5021727000475","VariantId":null,"HasVariants":false,"Sku":"5021727000475","DisplayName":"Downies Of Whitehills Traditional Cullen Skink 300g","Brand":null,"BrandId":null,"Description":null,"Url":"/en-GB/p-downies-of-whitehills-traditional-cullen-skink-300g/5021727000475","ImageUrl":"https://aldprdproductimages.azureedge.net/media/resized\\$Aldi_GB\\19.01.24\\5021727000475_0_M.jpg","FallbackImageUrl":"https://aldprdproductimages.azureedge.net/media/image_not_found.jpg","IsAvailableToSell":true,"CategoryId":"C7201","CategoryUrl":"/en-GB/chilled-food/ready-meals/ready-meals","IsRecurringOrderEligible":false,"RecurringOrderProgramName":null,"DisplayPrice":"Â£1.69","DisplaySpecialPrice":null,"IsOnSale":false,"SellingMethod":"Unit","UnitOfMeasure":"unit","IsUnit":true,"IsUnitMeasure":true,"IsApproxUnit":false,"DrsFee":null,"DRSFeeIreland":null,"DRSFeeDescription":null,"JsonContext":"{\"IsRecurringOrderEligible\":false}","DefaultListPrice":null,"CurrentListPrice":null,"SizeVolume":"300g","UnitPriceDeclaration":"per 100g","UnitPrice":null,"HasUnitPrice":null,"ImageRibbonText":null,"ImageBannerText":null,"ImageBadges":["Scottish Stores Only"],"ImageBadges_Facet":["LOOKUP::Offer Type::ScottishStoresOnly"],"Badges":{"ScottishStoresOnly":{"Url":"/media/e7dedb82-ffda-4f71-a384-f9e954457dbf/suFqRg/Badges/ScottishStoresOnly.png","Title":"ScottishStoresOnly","Description":""}},"AssortmentState":null,"ImageRibbonColour":null,"ImageBannerColour":null},{"FullDisplayName":"Edwards The Welsh Butcher 6 Traditional Honey &amp; Mustard Pork Sausages 400g","DefinitionName":"Chilled","SearchTerm":null,"HasPriceRange":false,"PriceListId":"StoreLevelPricesExcVAT","ListPrice":2.75,"Price":null,"ItemFormat":1.0,"IsSeasonalProductAvailableForCollect":false,"QtyMaxReachMessage":null,"RemoveOnlyEditedProductMessage":null,"ProductId":"5060059530151","VariantId":null,"HasVariants":false,"Sku":"5060059530151","DisplayName":"Edwards The Welsh Butcher 6 Traditional Honey &amp; Mustard","Brand":null,"BrandId":null,"Description":null,"Url":"/en-GB/p-edwards-the-welsh-butcher-6-traditional-honey-mustard-pork-sausages-400g/5060059530151","ImageUrl":"https://aldprdproductimages.azureedge.net/media/resized\\$Aldi_GB\\19.09.23\\5060059530151_0_M.jpg","FallbackImageUrl":"https://aldprdproductimages.azureedge.net/media/image_not_found.jpg","IsAvailableToSell":true,"CategoryId":"C6802","CategoryUrl":"/en-GB/fresh-food/meat-poultry/sausages","IsRecurringOrderEligible":false,"RecurringOrderProgramName":null,"DisplayPrice":"Â£2.75","DisplaySpecialPrice":null,"IsOnSale":false,"SellingMethod":"Unit","UnitOfMeasure":"unit","IsUnit":true,"IsUnitMeasure":true,"IsApproxUnit":false,"DrsFee":null,"DRSFeeIreland":null,"DRSFeeDescription":null,"JsonContext":"{\"IsRecurringOrderEligible\":false}","DefaultListPrice":null,"CurrentListPrice":null,"SizeVolume":"400g","UnitPriceDeclaration":"per kg","UnitPrice":null,"HasUnitPrice":null,"ImageRibbonText":null,"ImageBannerText":null,"ImageBadges":["Made In Britain","Made With 100 British Pork","Red Tractor Certified Standards"],"ImageBadges_Facet":["LOOKUP::Offer Type::MadeInBritain|MadeWith100BritishPork|RedTractorCertifiedStandards"],"Badges":{"MadeInBritain":{"Url":"/media/ec51c9cc-82f4-4ac6-8c36-a5ba4bdbd9c8/MkrDRg/Badges/MadeInBritain.png","Title":"MadeInBritain","Description":""},"MadeWith100BritishPork":{"Url":"/media/4e13b184-f79c-425e-9e34-2fddf0f4fcc1/suFqRg/Badges/MadeWith100BritishPork.png","Title":"MadeWith100BritishPork","Description":""},"RedTractorCertifiedStandards":{"Url":"/media/db1d2f54-3a38-4fab-af12-84236efb67a7/suFqRg/Badges/RedTractorCertifiedStandards.png","Title":"RedTractorCertifiedStandards","Description":""}},"AssortmentState":null,"ImageRibbonColour":null,"ImageBannerColour":null},{"FullDisplayName":"The Coconut Collab Choc Pots 4 X 45g","DefinitionName":"Chilled","SearchTerm":null,"HasPriceRange":false,"PriceListId":"StoreLevelPricesExcVAT","ListPrice":1.49,"Price":null,"ItemFormat":1.0,"IsSeasonalProductAvailableForCollect":false,"QtyMaxReachMessage":null,"RemoveOnlyEditedProductMessage":null,"ProductId":"5060426810114","VariantId":null,"HasVariants":false,"Sku":"5060426810114","DisplayName":"The Coconut Collab Choc Pots 4 X 45g","Brand":null,"BrandId":null,"Description":null,"Url":"/en-GB/p-the-coconut-collab-choc-pots-4-x-45g/5060426810114","ImageUrl":"https://aldprdproductimages.azureedge.net/media/resized\\$Aldi_GB\\08.01.24\\5060426810114_0_M.jpg","FallbackImageUrl":"https://aldprdproductimages.azureedge.net/media/image_not_found.jpg","IsAvailableToSell":true,"CategoryId":"C7307","CategoryUrl":"/en-GB/chilled-food/desserts/desserts","IsRecurringOrderEligible":false,"RecurringOrderProgramName":null,"DisplayPrice":"Â£1.49","DisplaySpecialPrice":null,"IsOnSale":false,"SellingMethod":"Unit","UnitOfMeasure":"unit","IsUnit":true,"IsUnitMeasure":true,"IsApproxUnit":false,"DrsFee":null,"DRSFeeIreland":null,"DRSFeeDescription":null,"JsonContext":"{\"IsRecurringOrderEligible\":false}","DefaultListPrice":null,"CurrentListPrice":null,"SizeVolume":"4 x 45g","UnitPriceDeclaration":"per 100g","UnitPrice":null,"HasUnitPrice":null,"ImageRibbonText":null,"ImageBannerText":null,"ImageBadges":null,"ImageBadges_Facet":null,"Badges":null,"AssortmentState":null,"ImageRibbonColour":null,"ImageBannerColour":null},{"FullDisplayName":"Ashfields Tempura Chicken Nuggets 270g","DefinitionName":"Chilled","SearchTerm":null,"HasPriceRange":false,"PriceListId":"StoreLevelPricesExcVAT","ListPrice":2.29,"Price":null,"ItemFormat":1.0,"IsSeasonalProductAvailableForCollect":false,"QtyMaxReachMessage":null,"RemoveOnlyEditedProductMessage":null,"ProductId":"4088600518022","VariantId":null,"HasVariants":false,"Sku":"4088600518022","DisplayName":"Ashfields Tempura Chicken Nuggets 270g","Brand":null,"BrandId":null,"Description":null,"Url":"/en-GB/p-ashfields-tempura-chicken-nuggets-270g/4088600518022","ImageUrl":"https://aldprdproductimages.azureedge.net/media/resized\\$Aldi_GB\\10.08.23\\4088600518022_0_M.jpg","FallbackImageUrl":"https://aldprdproductimages.azureedge.net/media/image_not_found.jpg","IsAvailableToSell":true,"CategoryId":"C6701","CategoryUrl":"/en-GB/fresh-food/meat-poultry/chicken","IsRecurringOrderEligible":false,"RecurringOrderProgramName":null,"DisplayPrice":"Â£2.29","DisplaySpecialPrice":null,"IsOnSale":false,"SellingMethod":"Unit","UnitOfMeasure":"unit","IsUnit":true,"IsUnitMeasure":true,"IsApproxUnit":false,"DrsFee":null,"DRSFeeIreland":null,"DRSFeeDescription":null,"JsonContext":"{\"IsRecurringOrderEligible\":false}","DefaultListPrice":null,"CurrentListPrice":null,"SizeVolume":"270g","UnitPriceDeclaration":"per kg","UnitPrice":null,"HasUnitPrice":null,"ImageRibbonText":null,"ImageBannerText":null,"ImageBadges":["Red Tractor Certified Standards","MadeWithBritishChicken"],"ImageBadges_Facet":["LOOKUP::Offer Type::RedTractorCertifiedStandards|MadeWithBritishChicken"],"Badges":{"RedTractorCertifiedStandards":{"Url":"/media/db1d2f54-3a38-4fab-af12-84236efb67a7/suFqRg/Badges/RedTractorCertifiedStandards.png","Title":"RedTractorCertifiedStandards","Description":""},"MadeWithBritishChicken":{"Url":"/media/04731934-eba4-4ff2-af9b-fccbfc32acfd/suFqRg/Badges/MadeWithBritishChicken.png","Title":"MadeWithBritishChicken","Description":""}},"AssortmentState":null,"ImageRibbonColour":null,"ImageBannerColour":null},{"FullDisplayName":"Ashfields British Breaded Ham 120g","DefinitionName":"Chilled","SearchTerm":null,"HasPriceRange":false,"PriceListId":"StoreLevelPricesExcVAT","ListPrice":1.49,"Price":null,"ItemFormat":1.0,"IsSeasonalProductAvailableForCollect":false,"QtyMaxReachMessage":null,"RemoveOnlyEditedProductMessage":null,"ProductId":"4088600334776","VariantId":null,"HasVariants":false,"Sku":"4088600334776","DisplayName":"Ashfields British Breaded Ham 120g","Brand":null,"BrandId":null,"Description":null,"Url":"/en-GB/p-ashfields-british-breaded-ham-120g/4088600334776","ImageUrl":"https://aldprdproductimages.azureedge.net/media/resized\\$Aldi_GB\\02.11.22\\4088600334776_0_M.jpg","FallbackImageUrl":"https://aldprdproductimages.azureedge.net/media/image_not_found.jpg","IsAvailableToSell":true,"CategoryId":"C6916","CategoryUrl":"/en-GB/chilled-food/chilled-meats/cooked-sliced-meats","IsRecurringOrderEligible":false,"RecurringOrderProgramName":null,"DisplayPrice":"Â£1.49","DisplaySpecialPrice":null,"IsOnSale":false,"SellingMethod":"Unit","UnitOfMeasure":"unit","IsUnit":true,"IsUnitMeasure":true,"IsApproxUnit":false,"DrsFee":null,"DRSFeeIreland":null,"DRSFeeDescription":null,"JsonContext":"{\"IsRecurringOrderEligible\":false}","DefaultListPrice":null,"CurrentListPrice":null,"SizeVolume":"120g","UnitPriceDeclaration":"per 100g","UnitPrice":null,"HasUnitPrice":null,"ImageRibbonText":null,"ImageBannerText":null,"ImageBadges":["Made In Britain","Made With 100 British Pork","Red Tractor Certified Standards"],"ImageBadges_Facet":["LOOKUP::Offer Type::MadeInBritain|MadeWith100BritishPork|RedTractorCertifiedStandards"],"Badges":{"MadeInBritain":{"Url":"/media/ec51c9cc-82f4-4ac6-8c36-a5ba4bdbd9c8/MkrDRg/Badges/MadeInBritain.png","Title":"MadeInBritain","Description":""},"MadeWith100BritishPork":{"Url":"/media/4e13b184-f79c-425e-9e34-2fddf0f4fcc1/suFqRg/Badges/MadeWith100BritishPork.png","Title":"MadeWith100BritishPork","Description":""},"RedTractorCertifiedStandards":{"Url":"/media/db1d2f54-3a38-4fab-af12-84236efb67a7/suFqRg/Badges/RedTractorCertifiedStandards.png","Title":"RedTractorCertifiedStandards","Description":""}},"AssortmentState":null,"ImageRibbonColour":null,"ImageBannerColour":null},{"FullDisplayName":"Ehrmann High Protein Lemon Mousse 200g","DefinitionName":"Chilled","SearchTerm":null,"HasPriceRange":false,"PriceListId":"StoreLevelPricesExcVAT","ListPrice":1.25,"Price":null,"ItemFormat":1.0,"IsSeasonalProductAvailableForCollect":false,"QtyMaxReachMessage":null,"RemoveOnlyEditedProductMessage":null,"ProductId":"4002971207309","VariantId":null,"HasVariants":false,"Sku":"4002971207309","DisplayName":"Ehrmann High Protein Lemon Mousse 200g","Brand":null,"BrandId":null,"Description":null,"Url":"/en-GB/p-ehrmann-high-protein-lemon-mousse-200g/4002971207309","ImageUrl":"https://aldprdproductimages.azureedge.net/media/$Aldi_GB/4002971207309_9f72b7ef0ffb4dd8bbbc2daf1463128e.jpg","FallbackImageUrl":"https://aldprdproductimages.azureedge.net/media/image_not_found.jpg","IsAvailableToSell":true,"CategoryId":"C5102","CategoryUrl":"/en-GB/chilled-food/yogurts/fruit-yogurts","IsRecurringOrderEligible":false,"RecurringOrderProgramName":null,"DisplayPrice":"Â£1.25","DisplaySpecialPrice":null,"IsOnSale":false,"SellingMethod":"Unit","UnitOfMeasure":"unit","IsUnit":true,"IsUnitMeasure":true,"IsApproxUnit":false,"DrsFee":null,"DRSFeeIreland":null,"DRSFeeDescription":null,"JsonContext":"{\"IsRecurringOrderEligible\":false}","DefaultListPrice":null,"CurrentListPrice":null,"SizeVolume":"200g","UnitPriceDeclaration":"per 100g","UnitPrice":null,"HasUnitPrice":null,"ImageRibbonText":null,"ImageBannerText":null,"ImageBadges":null,"ImageBadges_Facet":null,"Badges":null,"AssortmentState":null,"ImageRibbonColour":null,"ImageBannerColour":null},{"FullDisplayName":"Ehrmann High Protein Strawberry Mousse 200g","DefinitionName":"Chilled","SearchTerm":null,"HasPriceRange":false,"PriceListId":"StoreLevelPricesExcVAT","ListPrice":1.25,"Price":null,"ItemFormat":1.0,"IsSeasonalProductAvailableForCollect":false,"QtyMaxReachMessage":null,"RemoveOnlyEditedProductMessage":null,"ProductId":"4002971207705","VariantId":null,"HasVariants":false,"Sku":"4002971207705","DisplayName":"Ehrmann High Protein Strawberry Mousse 200g","Brand":null,"BrandId":null,"Description":null,"Url":"/en-GB/p-ehrmann-high-protein-strawberry-mousse-200g/4002971207705","ImageUrl":"https://aldprdproductimages.azureedge.net/media/$Aldi_GB/4002971207705_de43a52a1e5e47dbbb8d21bd1f18f64a.jpg","FallbackImageUrl":"https://aldprdproductimages.azureedge.net/media/image_not_found.jpg","IsAvailableToSell":true,"CategoryId":"C5102","CategoryUrl":"/en-GB/chilled-food/yogurts/fruit-yogurts","IsRecurringOrderEligible":false,"RecurringOrderProgramName":null,"DisplayPrice":"Â£1.25","DisplaySpecialPrice":null,"IsOnSale":false,"SellingMethod":"Unit","UnitOfMeasure":"unit","IsUnit":true,"IsUnitMeasure":true,"IsApproxUnit":false,"DrsFee":null,"DRSFeeIreland":null,"DRSFeeDescription":null,"JsonContext":"{\"IsRecurringOrderEligible\":false}","DefaultListPrice":null,"CurrentListPrice":null,"SizeVolume":"200g","UnitPriceDeclaration":"per 100g","UnitPrice":null,"HasUnitPrice":null,"ImageRibbonText":null,"ImageBannerText":null,"ImageBadges":null,"ImageBadges_Facet":null,"Badges":null,"AssortmentState":null,"ImageRibbonColour":null,"ImageBannerColour":null},{"FullDisplayName":"Ashfields Dry Cured British Breaded Ham 240g","DefinitionName":"Chilled","SearchTerm":null,"HasPriceRange":false,"PriceListId":"StoreLevelPricesExcVAT","ListPrice":2.25,"Price":null,"ItemFormat":1.0,"IsSeasonalProductAvailableForCollect":false,"QtyMaxReachMessage":null,"RemoveOnlyEditedProductMessage":null,"ProductId":"4088600135304","VariantId":null,"HasVariants":false,"Sku":"4088600135304","DisplayName":"Ashfields Dry Cured British Breaded Ham 240g","Brand":null,"BrandId":null,"Description":null,"Url":"/en-GB/p-ashfields-dry-cured-british-breaded-ham-240g/4088600135304","ImageUrl":"https://aldprdproductimages.azureedge.net/media/resized\\$Aldi_GB\\07.06.23\\4088600135304_0_M.jpg","FallbackImageUrl":"https://aldprdproductimages.azureedge.net/media/image_not_found.jpg","IsAvailableToSell":true,"CategoryId":"C6916","CategoryUrl":"/en-GB/chilled-food/chilled-meats/cooked-sliced-meats","IsRecurringOrderEligible":false,"RecurringOrderProgramName":null,"DisplayPrice":"Â£2.25","DisplaySpecialPrice":null,"IsOnSale":false,"SellingMethod":"Unit","UnitOfMeasure":"unit","IsUnit":true,"IsUnitMeasure":true,"IsApproxUnit":false,"DrsFee":null,"DRSFeeIreland":null,"DRSFeeDescription":null,"JsonContext":"{\"IsRecurringOrderEligible\":false}","DefaultListPrice":null,"CurrentListPrice":null,"SizeVolume":"240g","UnitPriceDeclaration":"per 100g","UnitPrice":null,"HasUnitPrice":null,"ImageRibbonText":null,"ImageBannerText":null,"ImageBadges":["Made In Britain","Made With 100 British Pork","Red Tractor Certified Standards"],"ImageBadges_Facet":["LOOKUP::Offer Type::MadeInBritain|MadeWith100BritishPork|RedTractorCertifiedStandards"],"Badges":{"MadeInBritain":{"Url":"/media/ec51c9cc-82f4-4ac6-8c36-a5ba4bdbd9c8/MkrDRg/Badges/MadeInBritain.png","Title":"MadeInBritain","Description":""},"MadeWith100BritishPork":{"Url":"/media/4e13b184-f79c-425e-9e34-2fddf0f4fcc1/suFqRg/Badges/MadeWith100BritishPork.png","Title":"MadeWith100BritishPork","Description":""},"RedTractorCertifiedStandards":{"Url":"/media/db1d2f54-3a38-4fab-af12-84236efb67a7/suFqRg/Badges/RedTractorCertifiedStandards.png","Title":"RedTractorCertifiedStandards","Description":""}},"AssortmentState":null,"ImageRibbonColour":null,"ImageBannerColour":null},{"FullDisplayName":"Ashfields Tempura Chicken Mini Fillet Tenders 300g","DefinitionName":"Chilled","SearchTerm":null,"HasPriceRange":false,"PriceListId":"PriceDrops-GB-Feb-29-To-Mar-13-ExcVAT","ListPrice":1.99,"Price":null,"ItemFormat":1.0,"IsSeasonalProductAvailableForCollect":false,"QtyMaxReachMessage":null,"RemoveOnlyEditedProductMessage":null,"ProductId":"4088600146683","VariantId":null,"HasVariants":false,"Sku":"4088600146683","DisplayName":"Ashfields Tempura Chicken Mini Fillet Tenders 300g","Brand":null,"BrandId":null,"Description":null,"Url":"/en-GB/p-ashfields-tempura-chicken-mini-fillet-tenders-300g/4088600146683","ImageUrl":"https://aldprdproductimages.azureedge.net/media/$Aldi_GB/4088600146683_d592e146a26346a58c4d5a20f0e801ec.jpg","FallbackImageUrl":"https://aldprdproductimages.azureedge.net/media/image_not_found.jpg","IsAvailableToSell":true,"CategoryId":"C6701","CategoryUrl":"/en-GB/fresh-food/meat-poultry/chicken","IsRecurringOrderEligible":false,"RecurringOrderProgramName":null,"DisplayPrice":"Â£1.99","DisplaySpecialPrice":null,"IsOnSale":false,"SellingMethod":"Unit","UnitOfMeasure":"unit","IsUnit":true,"IsUnitMeasure":true,"IsApproxUnit":false,"DrsFee":null,"DRSFeeIreland":null,"DRSFeeDescription":null,"JsonContext":"{\"IsRecurringOrderEligible\":false}","DefaultListPrice":null,"CurrentListPrice":null,"SizeVolume":"300g","UnitPriceDeclaration":"per kg","UnitPrice":null,"HasUnitPrice":null,"ImageRibbonText":null,"ImageBannerText":"OFFER ENDS 13 MAR","ImageBadges":["Red Tractor Certified Standards","MadeWithBritishChicken"],"ImageBadges_Facet":["LOOKUP::Offer Type::RedTractorCertifiedStandards|MadeWithBritishChicken"],"Badges":{"RedTractorCertifiedStandards":{"Url":"/media/db1d2f54-3a38-4fab-af12-84236efb67a7/suFqRg/Badges/RedTractorCertifiedStandards.png","Title":"RedTractorCertifiedStandards","Description":""},"MadeWithBritishChicken":{"Url":"/media/04731934-eba4-4ff2-af9b-fccbfc32acfd/suFqRg/Badges/MadeWithBritishChicken.png","Title":"MadeWithBritishChicken","Description":""}},"AssortmentState":null,"ImageRibbonColour":null,"ImageBannerColour":"#cdcdcd"},{"FullDisplayName":"The Fishmonger Tempura Haddock Goujons 200g","DefinitionName":"Chilled","SearchTerm":null,"HasPriceRange":false,"PriceListId":"PriceDrops-GB-Feb-28-To-Mar-13-ExcVAT","ListPrice":2.25,"Price":null,"ItemFormat":1.0,"IsSeasonalProductAvailableForCollect":false,"QtyMaxReachMessage":null,"RemoveOnlyEditedProductMessage":null,"ProductId":"4088600167824","VariantId":null,"HasVariants":false,"Sku":"4088600167824","DisplayName":"The Fishmonger Tempura Haddock Goujons 200g","Brand":null,"BrandId":null,"Description":null,"Url":"/en-GB/p-the-fishmonger-tempura-haddock-goujons-200g/4088600167824","ImageUrl":"https://aldprdproductimages.azureedge.net/media/$Aldi_GB/26.04.23/4088600167824_0.jpg","FallbackImageUrl":"https://aldprdproductimages.azureedge.net/media/image_not_found.jpg","IsAvailableToSell":true,"CategoryId":"C6401","CategoryUrl":"/en-GB/fresh-food/fresh-fish/fish","IsRecurringOrderEligible":false,"RecurringOrderProgramName":null,"DisplayPrice":"Â£2.25","DisplaySpecialPrice":null,"IsOnSale":false,"SellingMethod":"Unit","UnitOfMeasure":"unit","IsUnit":true,"IsUnitMeasure":true,"IsApproxUnit":false,"DrsFee":null,"DRSFeeIreland":null,"DRSFeeDescription":null,"JsonContext":"{\"IsRecurringOrderEligible\":false}","DefaultListPrice":null,"CurrentListPrice":null,"SizeVolume":"200g","UnitPriceDeclaration":"per kg","UnitPrice":null,"HasUnitPrice":null,"ImageRibbonText":null,"ImageBannerText":null,"ImageBadges":["Scottish Stores Only","Certified Sustainable Seafood M S C","Produced In Scotland"],"ImageBadges_Facet":["LOOKUP::Offer Type::ScottishStoresOnly|CertifiedSustainableSeafoodMSC|ProducedInScotland"],"Badges":{"ScottishStoresOnly":{"Url":"/media/e7dedb82-ffda-4f71-a384-f9e954457dbf/suFqRg/Badges/ScottishStoresOnly.png","Title":"ScottishStoresOnly","Description":""},"CertifiedSustainableSeafoodMSC":{"Url":"/media/e1d94d09-afc1-4141-8e4c-d78325150e54/MkrDRg/Badges/CertifiedSustainableSeafoodMSC.png","Title":"CertifiedSustainableSeafoodMSC","Description":""},"ProducedInScotland":{"Url":"/media/fdc1ba01-0d4f-4034-bb79-3a4e73ac3537/suFqRg/Badges/ProducedInScotland.png","Title":"ProducedInScotland","Description":""}},"AssortmentState":null,"ImageRibbonColour":null,"ImageBannerColour":null},{"FullDisplayName":"Sandford Orchards Devon Red Supreme Cider 500ml","DefinitionName":"SpiritsBeers","SearchTerm":null,"HasPriceRange":false,"PriceListId":"StoreLevelPricesExcVAT","ListPrice":1.6583,"Price":null,"ItemFormat":1.0,"IsSeasonalProductAvailableForCollect":false,"QtyMaxReachMessage":null,"RemoveOnlyEditedProductMessage":null,"ProductId":"5060302740030","VariantId":null,"HasVariants":false,"Sku":"5060302740030","DisplayName":"Sandford Orchards Devon Red Supreme Cider 500ml","Brand":null,"BrandId":null,"Description":null,"Url":"/en-GB/p-sandford-orchards-devon-red-supreme-cider-500ml/5060302740030","ImageUrl":"https://aldprdproductimages.azureedge.net/media/resized\\$Aldi_GB\\16.05.22 (2)\\5060302740030_0_M.jpg","FallbackImageUrl":"https://aldprdproductimages.azureedge.net/media/image_not_found.jpg","IsAvailableToSell":true,"CategoryId":"L3FAC","CategoryUrl":"/en-GB/drinks/beers-ciders/cider","IsRecurringOrderEligible":false,"RecurringOrderProgramName":null,"DisplayPrice":"Â£1.66","DisplaySpecialPrice":null,"IsOnSale":false,"SellingMethod":"Unit","UnitOfMeasure":"unit","IsUnit":true,"IsUnitMeasure":true,"IsApproxUnit":false,"DrsFee":null,"DRSFeeIreland":null,"DRSFeeDescription":null,"JsonContext":"{\"IsRecurringOrderEligible\":false}","DefaultListPrice":null,"CurrentListPrice":null,"SizeVolume":"500ml","UnitPriceDeclaration":"per litre","UnitPrice":null,"HasUnitPrice":null,"ImageRibbonText":null,"ImageBannerText":null,"ImageBadges":null,"ImageBadges_Facet":null,"Badges":null,"AssortmentState":null,"ImageRibbonColour":null,"ImageBannerColour":null},{"FullDisplayName":"Coca-Cola Original Taste 8 X 330ml","DefinitionName":"Food","SearchTerm":null,"HasPriceRange":false,"PriceListId":"StoreLevelPricesExcVAT","ListPrice":4.325,"Price":null,"ItemFormat":1.0,"IsSeasonalProductAvailableForCollect":false,"QtyMaxReachMessage":null,"RemoveOnlyEditedProductMessage":null,"ProductId":"5449000058386","VariantId":null,"HasVariants":false,"Sku":"5449000058386","DisplayName":"Coca-Cola Original Taste 8 X 330ml","Brand":null,"BrandId":null,"Description":null,"Url":"/en-GB/p-coca-cola-original-taste-8-x-330ml/5449000058386","ImageUrl":"https://aldprdproductimages.azureedge.net/media/resized\\$Aldi_GB\\12.05.22\\5449000058386_0_M.jpg","FallbackImageUrl":"https://aldprdproductimages.azureedge.net/media/image_not_found.jpg","IsAvailableToSell":true,"CategoryId":"L3FDC","CategoryUrl":"/en-GB/drinks/soft-drinks-juices/soft-fizzy-drinks","IsRecurringOrderEligible":false,"RecurringOrderProgramName":null,"DisplayPrice":"Â£4.33","DisplaySpecialPrice":null,"IsOnSale":false,"SellingMethod":"Unit","UnitOfMeasure":"unit","IsUnit":true,"IsUnitMeasure":true,"IsApproxUnit":false,"DrsFee":null,"DRSFeeIreland":null,"DRSFeeDescription":null,"JsonContext":"{\"IsRecurringOrderEligible\":false}","DefaultListPrice":null,"CurrentListPrice":null,"SizeVolume":"8 x 330ml","UnitPriceDeclaration":"per 100ml","UnitPrice":null,"HasUnitPrice":null,"ImageRibbonText":null,"ImageBannerText":null,"ImageBadges":null,"ImageBadges_Facet":null,"Badges":null,"AssortmentState":null,"ImageRibbonColour":null,"ImageBannerColour":null},{"FullDisplayName":"Coca-Cola Original Taste 1.75l","DefinitionName":"Food","SearchTerm":null,"HasPriceRange":false,"PriceListId":"StoreLevelPricesExcVAT","ListPrice":1.9917,"Price":null,"ItemFormat":1.0,"IsSeasonalProductAvailableForCollect":false,"QtyMaxReachMessage":null,"RemoveOnlyEditedProductMessage":null,"ProductId":"5449000601971","VariantId":null,"HasVariants":false,"Sku":"5449000601971","DisplayName":"Coca-Cola Original Taste 1.75l","Brand":null,"BrandId":null,"Description":null,"Url":"/en-GB/p-coca-cola-original-taste-175l/5449000601971","ImageUrl":"https://aldprdproductimages.azureedge.net/media/resized\\$Aldi_GB\\12.08.22 (2)\\5449000601971_0_M.jpg","FallbackImageUrl":"https://aldprdproductimages.azureedge.net/media/image_not_found.jpg","IsAvailableToSell":true,"CategoryId":"L3FDC","CategoryUrl":"/en-GB/drinks/soft-drinks-juices/soft-fizzy-drinks","IsRecurringOrderEligible":false,"RecurringOrderProgramName":null,"DisplayPrice":"Â£1.99","DisplaySpecialPrice":null,"IsOnSale":false,"SellingMethod":"Unit","UnitOfMeasure":"unit","IsUnit":true,"IsUnitMeasure":true,"IsApproxUnit":false,"DrsFee":null,"DRSFeeIreland":null,"DRSFeeDescription":null,"JsonContext":"{\"IsRecurringOrderEligible\":false}","DefaultListPrice":null,"CurrentListPrice":null,"SizeVolume":"1.75l","UnitPriceDeclaration":"per 100ml","UnitPrice":null,"HasUnitPrice":null,"ImageRibbonText":null,"ImageBannerText":null,"ImageBadges":null,"ImageBadges_Facet":null,"Badges":null,"AssortmentState":null,"ImageRibbonColour":null,"ImageBannerColour":null},{"FullDisplayName":"Quorn Mince 500g","DefinitionName":"Food","SearchTerm":null,"HasPriceRange":false,"PriceListId":"StoreLevelPricesExcVAT","ListPrice":2.95,"Price":null,"ItemFormat":1.0,"IsSeasonalProductAvailableForCollect":false,"QtyMaxReachMessage":null,"RemoveOnlyEditedProductMessage":null,"ProductId":"5019503018974","VariantId":null,"HasVariants":false,"Sku":"5019503018974","DisplayName":"Quorn Mince 500g","Brand":null,"BrandId":null,"Description":null,"Url":"/en-GB/p-quorn-mince-500g/5019503018974","ImageUrl":"https://aldprdproductimages.azureedge.net/media/resized\\$Aldi_GB\\08.09.23\\5019503018974_0_M.jpg","FallbackImageUrl":"https://aldprdproductimages.azureedge.net/media/image_not_found.jpg","IsAvailableToSell":true,"CategoryId":"L2GF","CategoryUrl":"/en-GB/frozen/frozen-vegetarian-food","IsRecurringOrderEligible":false,"RecurringOrderProgramName":null,"DisplayPrice":"Â£2.95","DisplaySpecialPrice":null,"IsOnSale":false,"SellingMethod":"Unit","UnitOfMeasure":"unit","IsUnit":true,"IsUnitMeasure":true,"IsApproxUnit":false,"DrsFee":null,"DRSFeeIreland":null,"DRSFeeDescription":null,"JsonContext":"{\"IsRecurringOrderEligible\":false}","DefaultListPrice":null,"CurrentListPrice":null,"SizeVolume":"500g","UnitPriceDeclaration":"per 100g","UnitPrice":null,"HasUnitPrice":null,"ImageRibbonText":null,"ImageBannerText":null,"ImageBadges":["Snowflake Frozen"],"ImageBadges_Facet":["LOOKUP::Offer Type::SnowflakeFrozen"],"Badges":{"SnowflakeFrozen":{"Url":"/media/d4c6415a-bc19-4d66-a2a6-01e8571f3cfe/suFqRg/Badges/SnowflakeFrozen.png","Title":"SnowflakeFrozen","Description":""}},"AssortmentState":null,"ImageRibbonColour":null,"ImageBannerColour":null},{"FullDisplayName":"Quorn Pieces 500g","DefinitionName":"Food","SearchTerm":null,"HasPriceRange":false,"PriceListId":"StoreLevelPricesExcVAT","ListPrice":2.95,"Price":null,"ItemFormat":1.0,"IsSeasonalProductAvailableForCollect":false,"QtyMaxReachMessage":null,"RemoveOnlyEditedProductMessage":null,"ProductId":"5019503019056","VariantId":null,"HasVariants":false,"Sku":"5019503019056","DisplayName":"Quorn Pieces 500g","Brand":null,"BrandId":null,"Description":null,"Url":"/en-GB/p-quorn-pieces-500g/5019503019056","ImageUrl":"https://aldprdproductimages.azureedge.net/media/resized\\$Aldi_GB\\08.09.23\\5019503019056_0_M.jpg","FallbackImageUrl":"https://aldprdproductimages.azureedge.net/media/image_not_found.jpg","IsAvailableToSell":true,"CategoryId":"L2GF","CategoryUrl":"/en-GB/frozen/frozen-vegetarian-food","IsRecurringOrderEligible":false,"RecurringOrderProgramName":null,"DisplayPrice":"Â£2.95","DisplaySpecialPrice":null,"IsOnSale":false,"SellingMethod":"Unit","UnitOfMeasure":"unit","IsUnit":true,"IsUnitMeasure":true,"IsApproxUnit":false,"DrsFee":null,"DRSFeeIreland":null,"DRSFeeDescription":null,"JsonContext":"{\"IsRecurringOrderEligible\":false}","DefaultListPrice":null,"CurrentListPrice":null,"SizeVolume":"500g","UnitPriceDeclaration":"per 100g","UnitPrice":null,"HasUnitPrice":null,"ImageRibbonText":null,"ImageBannerText":null,"ImageBadges":["Snowflake Frozen"],"ImageBadges_Facet":["LOOKUP::Offer Type::SnowflakeFrozen"],"Badges":{"SnowflakeFrozen":{"Url":"/media/d4c6415a-bc19-4d66-a2a6-01e8571f3cfe/suFqRg/Badges/SnowflakeFrozen.png","Title":"SnowflakeFrozen","Description":""}},"AssortmentState":null,"ImageRibbonColour":null,"ImageBannerColour":null},{"FullDisplayName":"Coca-Cola Zero Sugar 500ml","DefinitionName":"Food","SearchTerm":null,"HasPriceRange":false,"PriceListId":"StoreLevelPricesExcVAT","ListPrice":1.4083,"Price":null,"ItemFormat":1.0,"IsSeasonalProductAvailableForCollect":false,"QtyMaxReachMessage":null,"RemoveOnlyEditedProductMessage":null,"ProductId":"5449000131836","VariantId":null,"HasVariants":false,"Sku":"5449000131836","DisplayName":"Coca-Cola Zero Sugar 500ml","Brand":null,"BrandId":null,"Description":null,"Url":"/en-GB/p-coca-cola-zero-sugar-500ml/5449000131836","ImageUrl":"https://aldprdproductimages.azureedge.net/media/resized\\$Aldi_GB\\19.05.22\\5449000131836_0_M.jpg","FallbackImageUrl":"https://aldprdproductimages.azureedge.net/media/image_not_found.jpg","IsAvailableToSell":true,"CategoryId":"L3FDC","CategoryUrl":"/en-GB/drinks/soft-drinks-juices/soft-fizzy-drinks","IsRecurringOrderEligible":false,"RecurringOrderProgramName":null,"DisplayPrice":"Â£1.41","DisplaySpecialPrice":null,"IsOnSale":false,"SellingMethod":"Unit","UnitOfMeasure":"unit","IsUnit":true,"IsUnitMeasure":true,"IsApproxUnit":false,"DrsFee":null,"DRSFeeIreland":null,"DRSFeeDescription":null,"JsonContext":"{\"IsRecurringOrderEligible\":false}","DefaultListPrice":null,"CurrentListPrice":null,"SizeVolume":"500ml","UnitPriceDeclaration":"per 100ml","UnitPrice":null,"HasUnitPrice":null,"ImageRibbonText":null,"ImageBannerText":null,"ImageBadges":null,"ImageBadges_Facet":null,"Badges":null,"AssortmentState":null,"ImageRibbonColour":null,"ImageBannerColour":null},{"FullDisplayName":"Coca-Cola Original Taste 500ml","DefinitionName":"Food","SearchTerm":null,"HasPriceRange":false,"PriceListId":"StoreLevelPricesExcVAT","ListPrice":1.4917,"Price":null,"ItemFormat":1.0,"IsSeasonalProductAvailableForCollect":false,"QtyMaxReachMessage":null,"RemoveOnlyEditedProductMessage":null,"ProductId":"54491472","VariantId":null,"HasVariants":false,"Sku":"54491472","DisplayName":"Coca-Cola Original Taste 500ml","Brand":null,"BrandId":null,"Description":null,"Url":"/en-GB/p-coca-cola-original-taste-500ml/54491472","ImageUrl":"https://aldprdproductimages.azureedge.net/media/resized\\$Aldi_GB\\12.08.22 (2)\\54491472_0_M.jpg","FallbackImageUrl":"https://aldprdproductimages.azureedge.net/media/image_not_found.jpg","IsAvailableToSell":true,"CategoryId":"L3FDC","CategoryUrl":"/en-GB/drinks/soft-drinks-juices/soft-fizzy-drinks","IsRecurringOrderEligible":false,"RecurringOrderProgramName":null,"DisplayPrice":"Â£1.49","DisplaySpecialPrice":null,"IsOnSale":false,"SellingMethod":"Unit","UnitOfMeasure":"unit","IsUnit":true,"IsUnitMeasure":true,"IsApproxUnit":false,"DrsFee":null,"DRSFeeIreland":null,"DRSFeeDescription":null,"JsonContext":"{\"IsRecurringOrderEligible\":false}","DefaultListPrice":null,"CurrentListPrice":null,"SizeVolume":"500ml","UnitPriceDeclaration":"per 100ml","UnitPrice":null,"HasUnitPrice":null,"ImageRibbonText":null,"ImageBannerText":null,"ImageBadges":null,"ImageBadges_Facet":null,"Badges":null,"AssortmentState":null,"ImageRibbonColour":null,"ImageBannerColour":null},{"FullDisplayName":"Diet Coke 500ml","DefinitionName":"Food","SearchTerm":null,"HasPriceRange":false,"PriceListId":"StoreLevelPricesExcVAT","ListPrice":1.4083,"Price":null,"ItemFormat":1.0,"IsSeasonalProductAvailableForCollect":false,"QtyMaxReachMessage":null,"RemoveOnlyEditedProductMessage":null,"ProductId":"54491496","VariantId":null,"HasVariants":false,"Sku":"54491496","DisplayName":"Diet Coke 500ml","Brand":null,"BrandId":null,"Description":null,"Url":"/en-GB/p-diet-coke-500ml/54491496","ImageUrl":"https://aldprdproductimages.azureedge.net/media/resized\\$Aldi_GB\\25.05.22\\54491496_0_M.jpg","FallbackImageUrl":"https://aldprdproductimages.azureedge.net/media/image_not_found.jpg","IsAvailableToSell":true,"CategoryId":"L3FDC","CategoryUrl":"/en-GB/drinks/soft-drinks-juices/soft-fizzy-drinks","IsRecurringOrderEligible":false,"RecurringOrderProgramName":null,"DisplayPrice":"Â£1.41","DisplaySpecialPrice":null,"IsOnSale":false,"SellingMethod":"Unit","UnitOfMeasure":"unit","IsUnit":true,"IsUnitMeasure":true,"IsApproxUnit":false,"DrsFee":null,"DRSFeeIreland":null,"DRSFeeDescription":null,"JsonContext":"{\"IsRecurringOrderEligible\":false}","DefaultListPrice":null,"CurrentListPrice":null,"SizeVolume":"500ml","UnitPriceDeclaration":"per 100ml","UnitPrice":null,"HasUnitPrice":null,"ImageRibbonText":null,"ImageBannerText":null,"ImageBadges":null,"ImageBadges_Facet":null,"Badges":null,"AssortmentState":null,"ImageRibbonColour":null,"ImageBannerColour":null},{"FullDisplayName":"Lees 12 Mini Snowballs 135g","DefinitionName":"Food","SearchTerm":null,"HasPriceRange":false,"PriceListId":"StoreLevelPricesExcVAT","ListPrice":1.19,"Price":null,"ItemFormat":1.0,"IsSeasonalProductAvailableForCollect":false,"QtyMaxReachMessage":null,"RemoveOnlyEditedProductMessage":null,"ProductId":"5010082132792","VariantId":null,"HasVariants":false,"Sku":"5010082132792","DisplayName":"Lees 12 Mini Snowballs 135g","Brand":null,"BrandId":null,"Description":null,"Url":"/en-GB/p-lees-12-mini-snowballs-135g/5010082132792","ImageUrl":"https://aldprdproductimages.azureedge.net/media/$Aldi_GB/04.10.22/5010082132792_0.jpg","FallbackImageUrl":"https://aldprdproductimages.azureedge.net/media/image_not_found.jpg","IsAvailableToSell":true,"CategoryId":"L3BCA","CategoryUrl":"/en-GB/bakery/cakes/cakes","IsRecurringOrderEligible":false,"RecurringOrderProgramName":null,"DisplayPrice":"Â£1.19","DisplaySpecialPrice":null,"IsOnSale":false,"SellingMethod":"Unit","UnitOfMeasure":"unit","IsUnit":true,"IsUnitMeasure":true,"IsApproxUnit":false,"DrsFee":null,"DRSFeeIreland":null,"DRSFeeDescription":null,"JsonContext":"{\"IsRecurringOrderEligible\":false}","DefaultListPrice":null,"CurrentListPrice":null,"SizeVolume":"135g","UnitPriceDeclaration":"each","UnitPrice":null,"HasUnitPrice":null,"ImageRibbonText":null,"ImageBannerText":null,"ImageBadges":null,"ImageBadges_Facet":null,"Badges":null,"AssortmentState":null,"ImageRibbonColour":null,"ImageBannerColour":null},{"FullDisplayName":"Coca-Cola Zero Sugar 2l","DefinitionName":"Food","SearchTerm":null,"HasPriceRange":false,"PriceListId":"StoreLevelPricesExcVAT","ListPrice":1.5417,"Price":null,"ItemFormat":1.0,"IsSeasonalProductAvailableForCollect":false,"QtyMaxReachMessage":null,"RemoveOnlyEditedProductMessage":null,"ProductId":"5449000669902","VariantId":null,"HasVariants":false,"Sku":"5449000669902","DisplayName":"Coca-Cola Zero Sugar 2l","Brand":null,"BrandId":null,"Description":null,"Url":"/en-GB/p-coca-cola-zero-sugar-2l/5449000669902","ImageUrl":"https://aldprdproductimages.azureedge.net/media/$Aldi_GB/04.10.22/5449000669902_0.jpg","FallbackImageUrl":"https://aldprdproductimages.azureedge.net/media/image_not_found.jpg","IsAvailableToSell":true,"CategoryId":"L3FDC","CategoryUrl":"/en-GB/drinks/soft-drinks-juices/soft-fizzy-drinks","IsRecurringOrderEligible":false,"RecurringOrderProgramName":null,"DisplayPrice":"Â£1.54","DisplaySpecialPrice":null,"IsOnSale":false,"SellingMethod":"Unit","UnitOfMeasure":"unit","IsUnit":true,"IsUnitMeasure":true,"IsApproxUnit":false,"DrsFee":null,"DRSFeeIreland":null,"DRSFeeDescription":null,"JsonContext":"{\"IsRecurringOrderEligible\":false}","DefaultListPrice":null,"CurrentListPrice":null,"SizeVolume":"2l","UnitPriceDeclaration":"per 100ml","UnitPrice":null,"HasUnitPrice":null,"ImageRibbonText":null,"ImageBannerText":null,"ImageBadges":null,"ImageBadges_Facet":null,"Badges":null,"AssortmentState":null,"ImageRibbonColour":null,"ImageBannerColour":null},{"FullDisplayName":"Diet Coke 2l","DefinitionName":"Food","SearchTerm":null,"HasPriceRange":false,"PriceListId":"StoreLevelPricesExcVAT","ListPrice":1.5417,"Price":null,"ItemFormat":1.0,"IsSeasonalProductAvailableForCollect":false,"QtyMaxReachMessage":null,"RemoveOnlyEditedProductMessage":null,"ProductId":"5449000673039","VariantId":null,"HasVariants":false,"Sku":"5449000673039","DisplayName":"Diet Coke 2l","Brand":null,"BrandId":null,"Description":null,"Url":"/en-GB/p-diet-coke-2l/5449000673039","ImageUrl":"https://aldprdproductimages.azureedge.net/media/$Aldi_GB/04.10.22/5449000673039_0.jpg","FallbackImageUrl":"https://aldprdproductimages.azureedge.net/media/image_not_found.jpg","IsAvailableToSell":true,"CategoryId":"L3FDC","CategoryUrl":"/en-GB/drinks/soft-drinks-juices/soft-fizzy-drinks","IsRecurringOrderEligible":false,"RecurringOrderProgramName":null,"DisplayPrice":"Â£1.54","DisplaySpecialPrice":null,"IsOnSale":false,"SellingMethod":"Unit","UnitOfMeasure":"unit","IsUnit":true,"IsUnitMeasure":true,"IsApproxUnit":false,"DrsFee":null,"DRSFeeIreland":null,"DRSFeeDescription":null,"JsonContext":"{\"IsRecurringOrderEligible\":false}","DefaultListPrice":null,"CurrentListPrice":null,"SizeVolume":"2l","UnitPriceDeclaration":"per 100ml","UnitPrice":null,"HasUnitPrice":null,"ImageRibbonText":null,"ImageBannerText":null,"ImageBadges":null,"ImageBadges_Facet":null,"Badges":null,"AssortmentState":null,"ImageRibbonColour":null,"ImageBannerColour":null},{"FullDisplayName":"Dr Pepper 500ml","DefinitionName":"Food","SearchTerm":null,"HasPriceRange":false,"PriceListId":"StoreLevelPricesExcVAT","ListPrice":1.4083,"Price":null,"ItemFormat":1.0,"IsSeasonalProductAvailableForCollect":false,"QtyMaxReachMessage":null,"RemoveOnlyEditedProductMessage":null,"ProductId":"5000193034559","VariantId":null,"HasVariants":false,"Sku":"5000193034559","DisplayName":"Dr Pepper 500ml","Brand":null,"BrandId":null,"Description":null,"Url":"/en-GB/p-dr-pepper-500ml/5000193034559","ImageUrl":"https://aldprdproductimages.azureedge.net/media/resized\\$Aldi_GB\\5000193034559_2ddeb7013f0348f5b6ee8dc3eed82fb9_M.jpg","FallbackImageUrl":"https://aldprdproductimages.azureedge.net/media/image_not_found.jpg","IsAvailableToSell":true,"CategoryId":"L3FDC","CategoryUrl":"/en-GB/drinks/soft-drinks-juices/soft-fizzy-drinks","IsRecurringOrderEligible":false,"RecurringOrderProgramName":null,"DisplayPrice":"Â£1.41","DisplaySpecialPrice":null,"IsOnSale":false,"SellingMethod":"Unit","UnitOfMeasure":"unit","IsUnit":true,"IsUnitMeasure":true,"IsApproxUnit":false,"DrsFee":null,"DRSFeeIreland":null,"DRSFeeDescription":null,"JsonContext":"{\"IsRecurringOrderEligible\":false}","DefaultListPrice":null,"CurrentListPrice":null,"SizeVolume":"500ml","UnitPriceDeclaration":"per 100ml","UnitPrice":null,"HasUnitPrice":null,"ImageRibbonText":null,"ImageBannerText":null,"ImageBadges":null,"ImageBadges_Facet":null,"Badges":null,"AssortmentState":null,"ImageRibbonColour":null,"ImageBannerColour":null},{"FullDisplayName":"Fries To Go Crispy Fries In Minutes 2 X 90g","DefinitionName":"Food","SearchTerm":null,"HasPriceRange":false,"PriceListId":"StoreLevelPricesExcVAT","ListPrice":1.8,"Price":null,"ItemFormat":1.0,"IsSeasonalProductAvailableForCollect":false,"QtyMaxReachMessage":null,"RemoveOnlyEditedProductMessage":null,"ProductId":"5010228012926","VariantId":null,"HasVariants":false,"Sku":"5010228012926","DisplayName":"Fries To Go Crispy Fries In Minutes 2 X 90g","Brand":null,"BrandId":null,"Description":null,"Url":"/en-GB/p-fries-to-go-crispy-fries-in-minutes-2-x-90g/5010228012926","ImageUrl":"https://aldprdproductimages.azureedge.net/media/resized\\$Aldi_GB\\10.10.23\\5010228012926_0_M.jpg","FallbackImageUrl":"https://aldprdproductimages.azureedge.net/media/image_not_found.jpg","IsAvailableToSell":true,"CategoryId":"L2GA","CategoryUrl":"/en-GB/frozen/frozen-chips-potato","IsRecurringOrderEligible":false,"RecurringOrderProgramName":null,"DisplayPrice":"Â£1.80","DisplaySpecialPrice":null,"IsOnSale":false,"SellingMethod":"Unit","UnitOfMeasure":"unit","IsUnit":true,"IsUnitMeasure":true,"IsApproxUnit":false,"DrsFee":null,"DRSFeeIreland":null,"DRSFeeDescription":null,"JsonContext":"{\"IsRecurringOrderEligible\":false}","DefaultListPrice":null,"CurrentListPrice":null,"SizeVolume":"2 x 90g","UnitPriceDeclaration":"per kg","UnitPrice":null,"HasUnitPrice":null,"ImageRibbonText":null,"ImageBannerText":null,"ImageBadges":["Snowflake Frozen"],"ImageBadges_Facet":["LOOKUP::Offer Type::SnowflakeFrozen"],"Badges":{"SnowflakeFrozen":{"Url":"/media/d4c6415a-bc19-4d66-a2a6-01e8571f3cfe/suFqRg/Badges/SnowflakeFrozen.png","Title":"SnowflakeFrozen","Description":""}},"AssortmentState":null,"ImageRibbonColour":null,"ImageBannerColour":null},{"FullDisplayName":"Flora Buttery 450g","DefinitionName":"Food","SearchTerm":null,"HasPriceRange":false,"PriceListId":"StoreLevelPricesExcVAT","ListPrice":1.89,"Price":null,"ItemFormat":1.0,"IsSeasonalProductAvailableForCollect":false,"QtyMaxReachMessage":null,"RemoveOnlyEditedProductMessage":null,"ProductId":"8719200269743","VariantId":null,"HasVariants":false,"Sku":"8719200269743","DisplayName":"Flora Buttery 450g","Brand":null,"BrandId":null,"Description":null,"Url":"/en-GB/p-flora-buttery-450g/8719200269743","ImageUrl":"https://aldprdproductimages.azureedge.net/media/$Aldi_GB/23.10.23/8719200269743_0.jpg","FallbackImageUrl":"https://aldprdproductimages.azureedge.net/media/image_not_found.jpg","IsAvailableToSell":true,"CategoryId":"C6001","CategoryUrl":"/en-GB/food-cupboard/home-baking/pastry","IsRecurringOrderEligible":false,"RecurringOrderProgramName":null,"DisplayPrice":"Â£1.89","DisplaySpecialPrice":null,"IsOnSale":false,"SellingMethod":"Unit","UnitOfMeasure":"unit","IsUnit":true,"IsUnitMeasure":true,"IsApproxUnit":false,"DrsFee":null,"DRSFeeIreland":null,"DRSFeeDescription":null,"JsonContext":"{\"IsRecurringOrderEligible\":false}","DefaultListPrice":null,"CurrentListPrice":null,"SizeVolume":"450g","UnitPriceDeclaration":"per kg","UnitPrice":null,"HasUnitPrice":null,"ImageRibbonText":null,"ImageBannerText":null,"ImageBadges":null,"ImageBadges_Facet":null,"Badges":null,"AssortmentState":null,"ImageRibbonColour":null,"ImageBannerColour":null},{"FullDisplayName":"Flora Lighter 450g","DefinitionName":"Food","SearchTerm":null,"HasPriceRange":false,"PriceListId":"StoreLevelPricesExcVAT","ListPrice":1.89,"Price":null,"ItemFormat":1.0,"IsSeasonalProductAvailableForCollect":false,"QtyMaxReachMessage":null,"RemoveOnlyEditedProductMessage":null,"ProductId":"8719200269934","VariantId":null,"HasVariants":false,"Sku":"8719200269934","DisplayName":"Flora Lighter 450g","Brand":null,"BrandId":null,"Description":null,"Url":"/en-GB/p-flora-lighter-450g/8719200269934","ImageUrl":"https://aldprdproductimages.azureedge.net/media/$Aldi_GB/23.10.23/8719200269934_0.jpg","FallbackImageUrl":"https://aldprdproductimages.azureedge.net/media/image_not_found.jpg","IsAvailableToSell":true,"CategoryId":"C6001","CategoryUrl":"/en-GB/food-cupboard/home-baking/pastry","IsRecurringOrderEligible":false,"RecurringOrderProgramName":null,"DisplayPrice":"Â£1.89","DisplaySpecialPrice":null,"IsOnSale":false,"SellingMethod":"Unit","UnitOfMeasure":"unit","IsUnit":true,"IsUnitMeasure":true,"IsApproxUnit":false,"DrsFee":null,"DRSFeeIreland":null,"DRSFeeDescription":null,"JsonContext":"{\"IsRecurringOrderEligible\":false}","DefaultListPrice":null,"CurrentListPrice":null,"SizeVolume":"450g","UnitPriceDeclaration":"per kg","UnitPrice":null,"HasUnitPrice":null,"ImageRibbonText":null,"ImageBannerText":null,"ImageBadges":null,"ImageBadges_Facet":null,"Badges":null,"AssortmentState":null,"ImageRibbonColour":null,"ImageBannerColour":null},{"FullDisplayName":"Irn-bru Sugar Free 500ml","DefinitionName":"Food","SearchTerm":null,"HasPriceRange":false,"PriceListId":"StoreLevelPricesExcVAT","ListPrice":0.9083,"Price":null,"ItemFormat":1.0,"IsSeasonalProductAvailableForCollect":false,"QtyMaxReachMessage":null,"RemoveOnlyEditedProductMessage":null,"ProductId":"50107452","VariantId":null,"HasVariants":false,"Sku":"50107452","DisplayName":"Irn-bru Sugar Free 500ml","Brand":null,"BrandId":null,"Description":null,"Url":"/en-GB/p-irn-bru-sugar-free-500ml/50107452","ImageUrl":"https://aldprdproductimages.azureedge.net/media/resized\\$Aldi_GB\\04.02.2022\\50107452_0_M.jpg","FallbackImageUrl":"https://aldprdproductimages.azureedge.net/media/image_not_found.jpg","IsAvailableToSell":true,"CategoryId":"L3FDC","CategoryUrl":"/en-GB/drinks/soft-drinks-juices/soft-fizzy-drinks","IsRecurringOrderEligible":false,"RecurringOrderProgramName":null,"DisplayPrice":"Â£0.91","DisplaySpecialPrice":null,"IsOnSale":false,"SellingMethod":"Unit","UnitOfMeasure":"unit","IsUnit":true,"IsUnitMeasure":true,"IsApproxUnit":false,"DrsFee":null,"DRSFeeIreland":null,"DRSFeeDescription":null,"JsonContext":"{\"IsRecurringOrderEligible\":false}","DefaultListPrice":null,"CurrentListPrice":null,"SizeVolume":"500ml","UnitPriceDeclaration":"per 100ml","UnitPrice":null,"HasUnitPrice":null,"ImageRibbonText":null,"ImageBannerText":null,"ImageBadges":["Scottish Stores Only"],"ImageBadges_Facet":["LOOKUP::Offer Type::ScottishStoresOnly"],"Badges":{"ScottishStoresOnly":{"Url":"/media/e7dedb82-ffda-4f71-a384-f9e954457dbf/suFqRg/Badges/ScottishStoresOnly.png","Title":"ScottishStoresOnly","Description":""}},"AssortmentState":null,"ImageRibbonColour":null,"ImageBannerColour":null},{"FullDisplayName":"Irn-bru Sugar Free 2l","DefinitionName":"Food","SearchTerm":null,"HasPriceRange":false,"PriceListId":"StoreLevelPricesExcVAT","ListPrice":1.4083,"Price":null,"ItemFormat":1.0,"IsSeasonalProductAvailableForCollect":false,"QtyMaxReachMessage":null,"RemoveOnlyEditedProductMessage":null,"ProductId":"50382811","VariantId":null,"HasVariants":false,"Sku":"50382811","DisplayName":"Irn-bru Sugar Free 2l","Brand":null,"BrandId":null,"Description":null,"Url":"/en-GB/p-irn-bru-sugar-free-2l/50382811","ImageUrl":"https://aldprdproductimages.azureedge.net/media/resized\\$Aldi_GB\\20.01.23\\50382811_0_M.jpg","FallbackImageUrl":"https://aldprdproductimages.azureedge.net/media/image_not_found.jpg","IsAvailableToSell":true,"CategoryId":"L3FDC","CategoryUrl":"/en-GB/drinks/soft-drinks-juices/soft-fizzy-drinks","IsRecurringOrderEligible":false,"RecurringOrderProgramName":null,"DisplayPrice":"Â£1.41","DisplaySpecialPrice":null,"IsOnSale":false,"SellingMethod":"Unit","UnitOfMeasure":"unit","IsUnit":true,"IsUnitMeasure":true,"IsApproxUnit":false,"DrsFee":null,"DRSFeeIreland":null,"DRSFeeDescription":null,"JsonContext":"{\"IsRecurringOrderEligible\":false}","DefaultListPrice":null,"CurrentListPrice":null,"SizeVolume":"2l","UnitPriceDeclaration":"per litre","UnitPrice":null,"HasUnitPrice":null,"ImageRibbonText":null,"ImageBannerText":null,"ImageBadges":null,"ImageBadges_Facet":null,"Badges":null,"AssortmentState":null,"ImageRibbonColour":null,"ImageBannerColour":null},{"FullDisplayName":"Dentitex Alcohol Free Cool Mint Mouthwash 500ml","DefinitionName":"HealthBeauty","SearchTerm":null,"HasPriceRange":false,"PriceListId":"StoreLevelPricesExcVAT","ListPrice":0.825,"Price":null,"ItemFormat":1.0,"IsSeasonalProductAvailableForCollect":false,"QtyMaxReachMessage":null,"RemoveOnlyEditedProductMessage":null,"ProductId":"4088600434179","VariantId":null,"HasVariants":false,"Sku":"4088600434179","DisplayName":"Dentitex Alcohol Free Cool Mint Mouthwash 500ml","Brand":null,"BrandId":null,"Description":null,"Url":"/en-GB/p-dentitex-alcohol-free-cool-mint-mouthwash-500ml/4088600434179","ImageUrl":"https://aldprdproductimages.azureedge.net/media/resized\\$Aldi_GB\\23.02.22\\4088600434179_0_M.jpg","FallbackImageUrl":"https://aldprdproductimages.azureedge.net/media/image_not_found.jpg","IsAvailableToSell":true,"CategoryId":"C0803","CategoryUrl":"/en-GB/health-beauty/dental-care/oral-care","IsRecurringOrderEligible":false,"RecurringOrderProgramName":null,"DisplayPrice":"Â£0.83","DisplaySpecialPrice":null,"IsOnSale":false,"SellingMethod":"Unit","UnitOfMeasure":"unit","IsUnit":true,"IsUnitMeasure":true,"IsApproxUnit":false,"DrsFee":null,"DRSFeeIreland":null,"DRSFeeDescription":null,"JsonContext":"{\"IsRecurringOrderEligible\":false}","DefaultListPrice":null,"CurrentListPrice":null,"SizeVolume":"500ml","UnitPriceDeclaration":"per 100ml","UnitPrice":null,"HasUnitPrice":null,"ImageRibbonText":null,"ImageBannerText":null,"ImageBadges":null,"ImageBadges_Facet":null,"Badges":null,"AssortmentState":null,"ImageRibbonColour":null,"ImageBannerColour":null},{"FullDisplayName":"Dominion Sugar Free Mini Gums 75g","DefinitionName":"Food","SearchTerm":null,"HasPriceRange":false,"PriceListId":"StoreLevelPricesExcVAT","ListPrice":0.7917,"Price":null,"ItemFormat":1.0,"IsSeasonalProductAvailableForCollect":false,"QtyMaxReachMessage":null,"RemoveOnlyEditedProductMessage":null,"ProductId":"4088600013756","VariantId":null,"HasVariants":false,"Sku":"4088600013756","DisplayName":"Dominion Sugar Free Mini Gums 75g","Brand":null,"BrandId":null,"Description":null,"Url":"/en-GB/p-dominion-sugar-free-mini-gums-75g/4088600013756","ImageUrl":"https://aldprdproductimages.azureedge.net/media/resized\\$Aldi_GB\\10.08.23\\4088600013756_0_M.jpg","FallbackImageUrl":"https://aldprdproductimages.azureedge.net/media/image_not_found.jpg","IsAvailableToSell":true,"CategoryId":"C4004","CategoryUrl":"/en-GB/food-cupboard/sweets-chocolate/jellies-gummy-sweets","IsRecurringOrderEligible":false,"RecurringOrderProgramName":null,"DisplayPrice":"Â£0.79","DisplaySpecialPrice":null,"IsOnSale":false,"SellingMethod":"Unit","UnitOfMeasure":"unit","IsUnit":true,"IsUnitMeasure":true,"IsApproxUnit":false,"DrsFee":null,"DRSFeeIreland":null,"DRSFeeDescription":null,"JsonContext":"{\"IsRecurringOrderEligible\":false}","DefaultListPrice":null,"CurrentListPrice":null,"SizeVolume":"75g","UnitPriceDeclaration":"per 100g","UnitPrice":null,"HasUnitPrice":null,"ImageRibbonText":null,"ImageBannerText":null,"ImageBadges":null,"ImageBadges_Facet":null,"Badges":null,"AssortmentState":null,"ImageRibbonColour":null,"ImageBannerColour":null}],"RefinedCount":124,"TotalCount":124,"Keywords":"gluten free","CorrectedSearchTerms":null,"ListName":"Search Results","PaginationCurrentPage":{"DisplayName":"1","UrlPath":"/en-GB/Search?keywords=gluten+free&amp;sortDirection=asc&amp;page=1","Url":"/en-GB/Search?keywords=gluten+free&amp;sortDirection=asc&amp;page=1","IsCurrentPage":true,"JsonContext":"{}"},"MaxItemsPerPage":36}'
                        >
                          <!-- Search results -->
                          <div id="vueSearchResults">
                            <div class="row">
                              <div
                                data-qa="search-results"
                                class="col-6 col-md-4 col-xl-3"
                              >
                                <div
                                  data-product-id="4088600206486"
                                  xmlns:v-on="v-on"
                                  xmlns:v-bind="v-bind"
                                  xmlns=""
                                  data-qa="search-result"
                                  id="vueSearchResults|PDP|pg1|pos1"
                                  class="product-tile d-flex flex-column h-100 py-4"
                                >
                                  <!---->
                                  <div
                                    class="image-tile"
                                    style="position: relative"
                                  >
                                    <a
                                      href="/en-GB/p-the-foodie-market-gluten-free-chickpea-fusilli-250g/4088600206486"
                                      data-productid="4088600206486"
                                      data-oc-click="searchProductClick"
                                      class="product-tile-media"
                                      ><figure>
                                        <img
                                          xmlns:v-bind="v-bind"
                                          src="https://aldprdproductimages.azureedge.net/media/resized\$Aldi_GB\10.11.22\4088600206486_0_M.jpg"
                                          alt="The Foodie Market Gluten Free Chickpea Fusilli 250g"
                                          onerror="imgError(this)"
                                          class="img-fluid product-image"
                                        />
                                      </figure>
                                      <!----></a
                                    >
                                    <!---->
                                  </div>
                                  <div
                                    class="d-flex justify-content-between p-3"
                                  >
                                    <div class="text-gray-small">250g</div>
                                    <div class="product-tile-wishlist">
                                      <span
                                        ><a
                                          data-qa="product-add-to-wishlist"
                                          title="Add to Favourites"
                                          class="add-to-wishlist p-0"
                                          ><i
                                            class="icoaldi-heart text-white heart-shadow-light h4"
                                          ></i></a
                                      ></span>
                                    </div>
                                  </div>
                                  <div
                                    class="product-tile-text text-center px-3 mb-3"
                                  >
                                    <!---->
                                    <a
                                      data-qa="search-product-title"
                                      href="/en-GB/p-the-foodie-market-gluten-free-chickpea-fusilli-250g/4088600206486"
                                      title="The Foodie Market Gluten Free Chickpea Fusilli 250g"
                                      data-productid="4088600206486"
                                      data-oc-click="searchProductClick"
                                      class="p text-default-font"
                                    >
                                      The Foodie Market Gluten Free Chickpea
                                      Fusilli 250g
                                    </a>
                                  </div>
                                  <div
                                    class="d-flex flex-column flex-grow-1 justify-content-end px-3"
                                  >
                                    <div class="text-center">
                                      <div class="btn px-1">
                                        <a
                                          href="/en-GB/food-cupboard/rice-pasta-noodles/pasta-noodles"
                                          class="font-weight-bold text-decoration-none"
                                          >View rest of shelf&nbsp;<i
                                            class="pl-1 fa fa-lg fa-angle-right d-inline"
                                          ></i
                                        ></a>
                                      </div>
                                    </div>
                                    <div class="product-tile-price text-center">
                                      <div class="">
                                        <!---->
                                        <!---->
                                        <span class="h4"
                                          ><span>Â£0.99</span></span
                                        >
                                        <div class="small text-gray-me">
                                          <p class="m-0">
                                            <small
                                              property="price"
                                              data-qa="product-price"
                                              class="mr-1 text-gray-small"
                                              ><span
                                                >Â£0.40 per 100g</span
                                              ></small
                                            >
                                          </p>
                                        </div>
                                      </div>
                                      <!---->
                                    </div>
                                    <div class="drs-fee text-center">
                                      <span>&nbsp;</span>
                                    </div>
                                  </div>
                                  <div
                                    id="vueSearchResults|ADD|pg1|pos1"
                                    class="product-tile-button-container d-flex justify-content-center px-3 mt-2"
                                  >
                                    <div>
                                      <button
                                        data-qa="search-buy-now"
                                        data-oc-click="addToCart"
                                        class="btn btn-transactional btn-block"
                                      >
                                        Add
                                      </button>
                                    </div>
                                  </div>
                                  <!---->
                                  <!---->
                                </div>
                              </div>
                              <div
                                data-qa="search-results"
                                class="col-6 col-md-4 col-xl-3"
                              >
                                <div
                                  data-product-id="4088600206462"
                                  xmlns:v-on="v-on"
                                  xmlns:v-bind="v-bind"
                                  xmlns=""
                                  data-qa="search-result"
                                  id="vueSearchResults|PDP|pg1|pos2"
                                  class="product-tile d-flex flex-column h-100 py-4"
                                >
                                  <!---->
                                  <div
                                    class="image-tile"
                                    style="position: relative"
                                  >
                                    <a
                                      href="/en-GB/p-the-foodie-market-gluten-free-red-lentil-beetroot-fusilli-250g/4088600206462"
                                      data-productid="4088600206462"
                                      data-oc-click="searchProductClick"
                                      class="product-tile-media"
                                      ><figure>
                                        <img
                                          xmlns:v-bind="v-bind"
                                          src="https://aldprdproductimages.azureedge.net/media/resized\$Aldi_GB\25.05.23\4088600206462_0_M.jpg"
                                          alt="The Foodie Market Gluten Free Red Lentil &amp; Beetroot Fusilli 250g"
                                          onerror="imgError(this)"
                                          class="img-fluid product-image"
                                        />
                                      </figure>
                                      <!----></a
                                    >
                                    <!---->
                                  </div>
                                  <div
                                    class="d-flex justify-content-between p-3"
                                  >
                                    <div class="text-gray-small">250g</div>
                                    <div class="product-tile-wishlist">
                                      <span
                                        ><a
                                          data-qa="product-add-to-wishlist"
                                          title="Add to Favourites"
                                          class="add-to-wishlist p-0"
                                          ><i
                                            class="icoaldi-heart text-white heart-shadow-light h4"
                                          ></i></a
                                      ></span>
                                    </div>
                                  </div>
                                  <div
                                    class="product-tile-text text-center px-3 mb-3"
                                  >
                                    <!---->
                                    <a
                                      data-qa="search-product-title"
                                      href="/en-GB/p-the-foodie-market-gluten-free-red-lentil-beetroot-fusilli-250g/4088600206462"
                                      title="The Foodie Market Gluten Free Red Lentil &amp; Beetroot Fusilli 250g"
                                      data-productid="4088600206462"
                                      data-oc-click="searchProductClick"
                                      class="p text-default-font"
                                    >
                                      The Foodie Market Gluten Free Red Lentil
                                      &amp; Beetroot Fus
                                    </a>
                                  </div>
                                  <div
                                    class="d-flex flex-column flex-grow-1 justify-content-end px-3"
                                  >
                                    <div class="text-center">
                                      <div class="btn px-1">
                                        <a
                                          href="/en-GB/food-cupboard/rice-pasta-noodles/pasta-noodles"
                                          class="font-weight-bold text-decoration-none"
                                          >View rest of shelf&nbsp;<i
                                            class="pl-1 fa fa-lg fa-angle-right d-inline"
                                          ></i
                                        ></a>
                                      </div>
                                    </div>
                                    <div class="product-tile-price text-center">
                                      <div class="">
                                        <!---->
                                        <!---->
                                        <span class="h4"
                                          ><span>Â£0.99</span></span
                                        >
                                        <div class="small text-gray-me">
                                          <p class="m-0">
                                            <small
                                              property="price"
                                              data-qa="product-price"
                                              class="mr-1 text-gray-small"
                                              ><span
                                                >Â£0.40 per 100g</span
                                              ></small
                                            >
                                          </p>
                                        </div>
                                      </div>
                                      <!---->
                                    </div>
                                    <div class="drs-fee text-center">
                                      <span>&nbsp;</span>
                                    </div>
                                  </div>
                                  <div
                                    id="vueSearchResults|ADD|pg1|pos2"
                                    class="product-tile-button-container d-flex justify-content-center px-3 mt-2"
                                  >
                                    <div>
                                      <button
                                        data-qa="search-buy-now"
                                        data-oc-click="addToCart"
                                        class="btn btn-transactional btn-block"
                                      >
                                        Add
                                      </button>
                                    </div>
                                  </div>
                                  <!---->
                                  <!---->
                                </div>
                              </div>
                              <div
                                data-qa="search-results"
                                class="col-6 col-md-4 col-xl-3"
                              >
                                <div
                                  data-product-id="4088600206479"
                                  xmlns:v-on="v-on"
                                  xmlns:v-bind="v-bind"
                                  xmlns=""
                                  data-qa="search-result"
                                  id="vueSearchResults|PDP|pg1|pos3"
                                  class="product-tile d-flex flex-column h-100 py-4"
                                >
                                  <!---->
                                  <div
                                    class="image-tile"
                                    style="position: relative"
                                  >
                                    <a
                                      href="/en-GB/p-the-foodie-market-gluten-free-green-pea-penne-250g/4088600206479"
                                      data-productid="4088600206479"
                                      data-oc-click="searchProductClick"
                                      class="product-tile-media"
                                      ><figure>
                                        <img
                                          xmlns:v-bind="v-bind"
                                          src="https://aldprdproductimages.azureedge.net/media/resized\$Aldi_GB\25.05.23\4088600206479_0_M.jpg"
                                          alt="The Foodie Market Gluten Free Green Pea Penne 250g"
                                          onerror="imgError(this)"
                                          class="img-fluid product-image"
                                        />
                                      </figure>
                                      <!----></a
                                    >
                                    <!---->
                                  </div>
                                  <div
                                    class="d-flex justify-content-between p-3"
                                  >
                                    <div class="text-gray-small">250g</div>
                                    <div class="product-tile-wishlist">
                                      <span
                                        ><a
                                          data-qa="product-add-to-wishlist"
                                          title="Add to Favourites"
                                          class="add-to-wishlist p-0"
                                          ><i
                                            class="icoaldi-heart text-white heart-shadow-light h4"
                                          ></i></a
                                      ></span>
                                    </div>
                                  </div>
                                  <div
                                    class="product-tile-text text-center px-3 mb-3"
                                  >
                                    <!---->
                                    <a
                                      data-qa="search-product-title"
                                      href="/en-GB/p-the-foodie-market-gluten-free-green-pea-penne-250g/4088600206479"
                                      title="The Foodie Market Gluten Free Green Pea Penne 250g"
                                      data-productid="4088600206479"
                                      data-oc-click="searchProductClick"
                                      class="p text-default-font"
                                    >
                                      The Foodie Market Gluten Free Green Pea
                                      Penne 250g
                                    </a>
                                  </div>
                                  <div
                                    class="d-flex flex-column flex-grow-1 justify-content-end px-3"
                                  >
                                    <div class="text-center">
                                      <div class="btn px-1">
                                        <a
                                          href="/en-GB/food-cupboard/rice-pasta-noodles/pasta-noodles"
                                          class="font-weight-bold text-decoration-none"
                                          >View rest of shelf&nbsp;<i
                                            class="pl-1 fa fa-lg fa-angle-right d-inline"
                                          ></i
                                        ></a>
                                      </div>
                                    </div>
                                    <div class="product-tile-price text-center">
                                      <div class="">
                                        <!---->
                                        <!---->
                                        <span class="h4"
                                          ><span>Â£0.99</span></span
                                        >
                                        <div class="small text-gray-me">
                                          <p class="m-0">
                                            <small
                                              property="price"
                                              data-qa="product-price"
                                              class="mr-1 text-gray-small"
                                              ><span
                                                >Â£0.40 per 100g</span
                                              ></small
                                            >
                                          </p>
                                        </div>
                                      </div>
                                      <!---->
                                    </div>
                                    <div class="drs-fee text-center">
                                      <span>&nbsp;</span>
                                    </div>
                                  </div>
                                  <div
                                    id="vueSearchResults|ADD|pg1|pos3"
                                    class="product-tile-button-container d-flex justify-content-center px-3 mt-2"
                                  >
                                    <div>
                                      <button
                                        data-qa="search-buy-now"
                                        data-oc-click="addToCart"
                                        class="btn btn-transactional btn-block"
                                      >
                                        Add
                                      </button>
                                    </div>
                                  </div>
                                  <!---->
                                  <!---->
                                </div>
                              </div>
                              <div
                                data-qa="search-results"
                                class="col-6 col-md-4 col-xl-3"
                              >
                                <div
                                  data-product-id="5060014570130"
                                  xmlns:v-on="v-on"
                                  xmlns:v-bind="v-bind"
                                  xmlns=""
                                  data-qa="search-result"
                                  id="vueSearchResults|PDP|pg1|pos4"
                                  class="product-tile d-flex flex-column h-100 py-4"
                                >
                                  <!---->
                                  <div
                                    class="image-tile"
                                    style="position: relative"
                                  >
                                    <a
                                      href="/en-GB/p-henneys-classic-cider-500ml/5060014570130"
                                      data-productid="5060014570130"
                                      data-oc-click="searchProductClick"
                                      class="product-tile-media"
                                      ><figure>
                                        <img
                                          xmlns:v-bind="v-bind"
                                          src="https://aldprdproductimages.azureedge.net/media/$Aldi_GB/16.05.22 (2)/5060014570130_0.jpg"
                                          alt="Henney's Classic Cider 500ml"
                                          onerror="imgError(this)"
                                          class="img-fluid product-image"
                                        />
                                      </figure>
                                      <!----></a
                                    >
                                    <!---->
                                  </div>
                                  <div
                                    class="d-flex justify-content-between p-3"
                                  >
                                    <div class="text-gray-small">500ml</div>
                                    <div class="product-tile-wishlist">
                                      <span
                                        ><a
                                          data-qa="product-add-to-wishlist"
                                          title="Add to Favourites"
                                          class="add-to-wishlist p-0"
                                          ><i
                                            class="icoaldi-heart text-white heart-shadow-light h4"
                                          ></i></a
                                      ></span>
                                    </div>
                                  </div>
                                  <div
                                    class="product-tile-text text-center px-3 mb-3"
                                  >
                                    <!---->
                                    <a
                                      data-qa="search-product-title"
                                      href="/en-GB/p-henneys-classic-cider-500ml/5060014570130"
                                      title="Henney's Classic Cider 500ml"
                                      data-productid="5060014570130"
                                      data-oc-click="searchProductClick"
                                      class="p text-default-font"
                                    >
                                      Henney's Classic Cider 500ml
                                    </a>
                                  </div>
                                  <div
                                    class="d-flex flex-column flex-grow-1 justify-content-end px-3"
                                  >
                                    <div class="text-center">
                                      <div class="btn px-1">
                                        <a
                                          href="/en-GB/drinks/beers-ciders/cider"
                                          class="font-weight-bold text-decoration-none"
                                          >View rest of shelf&nbsp;<i
                                            class="pl-1 fa fa-lg fa-angle-right d-inline"
                                          ></i
                                        ></a>
                                      </div>
                                    </div>
                                    <div class="product-tile-price text-center">
                                      <div class="">
                                        <!---->
                                        <!---->
                                        <span class="h4"
                                          ><span>Â£1.99</span></span
                                        >
                                        <div class="small text-gray-me">
                                          <p class="m-0">
                                            <small
                                              property="price"
                                              data-qa="product-price"
                                              class="mr-1 text-gray-small"
                                              ><span
                                                >Â£3.98 per litre</span
                                              ></small
                                            >
                                          </p>
                                        </div>
                                      </div>
                                      <!---->
                                    </div>
                                    <div class="drs-fee text-center">
                                      <span>&nbsp;</span>
                                    </div>
                                  </div>
                                  <div
                                    id="vueSearchResults|ADD|pg1|pos4"
                                    class="product-tile-button-container d-flex justify-content-center px-3 mt-2"
                                  >
                                    <div>
                                      <button
                                        data-qa="search-buy-now"
                                        data-oc-click="addToCart"
                                        class="btn btn-transactional btn-block"
                                      >
                                        Add
                                      </button>
                                    </div>
                                  </div>
                                  <!---->
                                  <!---->
                                </div>
                              </div>
                              <div
                                data-qa="search-results"
                                class="col-6 col-md-4 col-xl-3"
                              >
                                <div
                                  data-product-id="5449000031341"
                                  xmlns:v-on="v-on"
                                  xmlns:v-bind="v-bind"
                                  xmlns=""
                                  data-qa="search-result"
                                  id="vueSearchResults|PDP|pg1|pos5"
                                  class="product-tile d-flex flex-column h-100 py-4"
                                >
                                  <!---->
                                  <div
                                    class="image-tile"
                                    style="position: relative"
                                  >
                                    <a
                                      href="/en-GB/p-coca-cola-zero-sugar-8x330ml/5449000031341"
                                      data-productid="5449000031341"
                                      data-oc-click="searchProductClick"
                                      class="product-tile-media"
                                      ><figure>
                                        <img
                                          xmlns:v-bind="v-bind"
                                          src="https://aldprdproductimages.azureedge.net/media/$Aldi_GB/5449000031341_c56e9b7073c14d1ab5f6e1ff351f3050.jpg"
                                          alt="Coca-Cola Zero Sugar 8x330ml"
                                          onerror="imgError(this)"
                                          class="img-fluid product-image"
                                        />
                                      </figure>
                                      <!----></a
                                    >
                                    <!---->
                                  </div>
                                  <div
                                    class="d-flex justify-content-between p-3"
                                  >
                                    <div class="text-gray-small">8x330ml</div>
                                    <div class="product-tile-wishlist">
                                      <span
                                        ><a
                                          data-qa="product-add-to-wishlist"
                                          title="Add to Favourites"
                                          class="add-to-wishlist p-0"
                                          ><i
                                            class="icoaldi-heart text-white heart-shadow-light h4"
                                          ></i></a
                                      ></span>
                                    </div>
                                  </div>
                                  <div
                                    class="product-tile-text text-center px-3 mb-3"
                                  >
                                    <!---->
                                    <a
                                      data-qa="search-product-title"
                                      href="/en-GB/p-coca-cola-zero-sugar-8x330ml/5449000031341"
                                      title="Coca-Cola Zero Sugar 8x330ml"
                                      data-productid="5449000031341"
                                      data-oc-click="searchProductClick"
                                      class="p text-default-font"
                                    >
                                      Coca-Cola Zero Sugar 8x330ml
                                    </a>
                                  </div>
                                  <div
                                    class="d-flex flex-column flex-grow-1 justify-content-end px-3"
                                  >
                                    <div class="text-center">
                                      <div class="btn px-1">
                                        <a
                                          href="/en-GB/drinks/soft-drinks-juices/soft-fizzy-drinks"
                                          class="font-weight-bold text-decoration-none"
                                          >View rest of shelf&nbsp;<i
                                            class="pl-1 fa fa-lg fa-angle-right d-inline"
                                          ></i
                                        ></a>
                                      </div>
                                    </div>
                                    <div class="product-tile-price text-center">
                                      <div class="">
                                        <!---->
                                        <!---->
                                        <span class="h4"
                                          ><span>Â£4.25</span></span
                                        >
                                        <div class="small text-gray-me">
                                          <p class="m-0">
                                            <small
                                              property="price"
                                              data-qa="product-price"
                                              class="mr-1 text-gray-small"
                                              ><span
                                                >Â£0.16 per 100ml</span
                                              ></small
                                            >
                                          </p>
                                        </div>
                                      </div>
                                      <!---->
                                    </div>
                                    <div class="drs-fee text-center">
                                      <span>&nbsp;</span>
                                    </div>
                                  </div>
                                  <div
                                    id="vueSearchResults|ADD|pg1|pos5"
                                    class="product-tile-button-container d-flex justify-content-center px-3 mt-2"
                                  >
                                    <div>
                                      <button
                                        data-qa="search-buy-now"
                                        data-oc-click="addToCart"
                                        class="btn btn-transactional btn-block"
                                      >
                                        Add
                                      </button>
                                    </div>
                                  </div>
                                  <!---->
                                  <!---->
                                </div>
                              </div>
                              <div
                                data-qa="search-results"
                                class="col-6 col-md-4 col-xl-3"
                              >
                                <div
                                  data-product-id="5449000004451"
                                  xmlns:v-on="v-on"
                                  xmlns:v-bind="v-bind"
                                  xmlns=""
                                  data-qa="search-result"
                                  id="vueSearchResults|PDP|pg1|pos6"
                                  class="product-tile d-flex flex-column h-100 py-4"
                                >
                                  <!---->
                                  <div
                                    class="image-tile"
                                    style="position: relative"
                                  >
                                    <a
                                      href="/en-GB/p-diet-coke-8-x-330ml/5449000004451"
                                      data-productid="5449000004451"
                                      data-oc-click="searchProductClick"
                                      class="product-tile-media"
                                      ><figure>
                                        <img
                                          xmlns:v-bind="v-bind"
                                          src="https://aldprdproductimages.azureedge.net/media/$Aldi_GB/5449000004451_034bb5f73dfa4efebcdbd35ae274aabc.jpg"
                                          alt="Diet Coke 8 X 330ml"
                                          onerror="imgError(this)"
                                          class="img-fluid product-image"
                                        />
                                      </figure>
                                      <!----></a
                                    >
                                    <!---->
                                  </div>
                                  <div
                                    class="d-flex justify-content-between p-3"
                                  >
                                    <div class="text-gray-small">8 x 330ml</div>
                                    <div class="product-tile-wishlist">
                                      <span
                                        ><a
                                          data-qa="product-add-to-wishlist"
                                          title="Add to Favourites"
                                          class="add-to-wishlist p-0"
                                          ><i
                                            class="icoaldi-heart text-white heart-shadow-light h4"
                                          ></i></a
                                      ></span>
                                    </div>
                                  </div>
                                  <div
                                    class="product-tile-text text-center px-3 mb-3"
                                  >
                                    <!---->
                                    <a
                                      data-qa="search-product-title"
                                      href="/en-GB/p-diet-coke-8-x-330ml/5449000004451"
                                      title="Diet Coke 8 X 330ml"
                                      data-productid="5449000004451"
                                      data-oc-click="searchProductClick"
                                      class="p text-default-font"
                                    >
                                      Diet Coke 8 X 330ml
                                    </a>
                                  </div>
                                  <div
                                    class="d-flex flex-column flex-grow-1 justify-content-end px-3"
                                  >
                                    <div class="text-center">
                                      <div class="btn px-1">
                                        <a
                                          href="/en-GB/drinks/soft-drinks-juices/soft-fizzy-drinks"
                                          class="font-weight-bold text-decoration-none"
                                          >View rest of shelf&nbsp;<i
                                            class="pl-1 fa fa-lg fa-angle-right d-inline"
                                          ></i
                                        ></a>
                                      </div>
                                    </div>
                                    <div class="product-tile-price text-center">
                                      <div class="">
                                        <!---->
                                        <!---->
                                        <span class="h4"
                                          ><span>Â£4.25</span></span
                                        >
                                        <div class="small text-gray-me">
                                          <p class="m-0">
                                            <small
                                              property="price"
                                              data-qa="product-price"
                                              class="mr-1 text-gray-small"
                                              ><span
                                                >Â£0.16 per 100ml</span
                                              ></small
                                            >
                                          </p>
                                        </div>
                                      </div>
                                      <!---->
                                    </div>
                                    <div class="drs-fee text-center">
                                      <span>&nbsp;</span>
                                    </div>
                                  </div>
                                  <div
                                    id="vueSearchResults|ADD|pg1|pos6"
                                    class="product-tile-button-container d-flex justify-content-center px-3 mt-2"
                                  >
                                    <div>
                                      <button
                                        data-qa="search-buy-now"
                                        data-oc-click="addToCart"
                                        class="btn btn-transactional btn-block"
                                      >
                                        Add
                                      </button>
                                    </div>
                                  </div>
                                  <!---->
                                  <!---->
                                </div>
                              </div>
                              <div
                                data-qa="search-results"
                                class="col-6 col-md-4 col-xl-3"
                              >
                                <div
                                  data-product-id="5060059531028"
                                  xmlns:v-on="v-on"
                                  xmlns:v-bind="v-bind"
                                  xmlns=""
                                  data-qa="search-result"
                                  id="vueSearchResults|PDP|pg1|pos7"
                                  class="product-tile d-flex flex-column h-100 py-4"
                                >
                                  <!---->
                                  <div
                                    class="image-tile"
                                    style="position: relative"
                                  >
                                    <a
                                      href="/en-GB/p-edwards-6-traditional-pork-sausages-400g/5060059531028"
                                      data-productid="5060059531028"
                                      data-oc-click="searchProductClick"
                                      class="product-tile-media"
                                      ><figure>
                                        <img
                                          xmlns:v-bind="v-bind"
                                          src="https://aldprdproductimages.azureedge.net/media/resized\$Aldi_GB\16.08.23\5060059531028_0_M.jpg"
                                          alt="Edwards 6 Traditional Pork Sausages 400g"
                                          onerror="imgError(this)"
                                          class="img-fluid product-image"
                                        />
                                      </figure>
                                      <span
                                        class="pl-2 d-inline-flex flex-column-reverse badge-overlay"
                                        ><span
                                          ><img
                                            xmlns:v-bind="v-bind"
                                            src="/media/ec51c9cc-82f4-4ac6-8c36-a5ba4bdbd9c8/MkrDRg/Badges/MadeInBritain.png"
                                            alt="MadeInBritain"
                                            aria-hidden="true"
                                            onerror="this.style.color='inherit'"
                                            class="pt-2 plp-image-badges" /></span
                                        ><span
                                          ><img
                                            xmlns:v-bind="v-bind"
                                            src="/media/4e13b184-f79c-425e-9e34-2fddf0f4fcc1/suFqRg/Badges/MadeWith100BritishPork.png"
                                            alt="MadeWith100BritishPork"
                                            aria-hidden="true"
                                            onerror="this.style.color='inherit'"
                                            class="pt-2 plp-image-badges" /></span
                                        ><span
                                          ><img
                                            xmlns:v-bind="v-bind"
                                            src="/media/db1d2f54-3a38-4fab-af12-84236efb67a7/suFqRg/Badges/RedTractorCertifiedStandards.png"
                                            alt="RedTractorCertifiedStandards"
                                            aria-hidden="true"
                                            onerror="this.style.color='inherit'"
                                            class="pt-2 plp-image-badges" /></span></span
                                    ></a>
                                    <!---->
                                  </div>
                                  <div
                                    class="d-flex justify-content-between p-3"
                                  >
                                    <div class="text-gray-small">400g</div>
                                    <div class="product-tile-wishlist">
                                      <span
                                        ><a
                                          data-qa="product-add-to-wishlist"
                                          title="Add to Favourites"
                                          class="add-to-wishlist p-0"
                                          ><i
                                            class="icoaldi-heart text-white heart-shadow-light h4"
                                          ></i></a
                                      ></span>
                                    </div>
                                  </div>
                                  <div
                                    class="product-tile-text text-center px-3 mb-3"
                                  >
                                    <!---->
                                    <a
                                      data-qa="search-product-title"
                                      href="/en-GB/p-edwards-6-traditional-pork-sausages-400g/5060059531028"
                                      title="Edwards 6 Traditional Pork Sausages 400g"
                                      data-productid="5060059531028"
                                      data-oc-click="searchProductClick"
                                      class="p text-default-font"
                                    >
                                      Edwards 6 Traditional Pork Sausages 400g
                                    </a>
                                  </div>
                                  <div
                                    class="d-flex flex-column flex-grow-1 justify-content-end px-3"
                                  >
                                    <div class="text-center">
                                      <div class="btn px-1">
                                        <a
                                          href="/en-GB/fresh-food/meat-poultry/sausages"
                                          class="font-weight-bold text-decoration-none"
                                          >View rest of shelf&nbsp;<i
                                            class="pl-1 fa fa-lg fa-angle-right d-inline"
                                          ></i
                                        ></a>
                                      </div>
                                    </div>
                                    <div class="product-tile-price text-center">
                                      <div class="">
                                        <!---->
                                        <!---->
                                        <span class="h4"
                                          ><span>Â£2.75</span></span
                                        >
                                        <div class="small text-gray-me">
                                          <p class="m-0">
                                            <small
                                              property="price"
                                              data-qa="product-price"
                                              class="mr-1 text-gray-small"
                                              ><span>Â£6.88 per kg</span></small
                                            >
                                          </p>
                                        </div>
                                      </div>
                                      <!---->
                                    </div>
                                    <div class="drs-fee text-center">
                                      <span>&nbsp;</span>
                                    </div>
                                  </div>
                                  <div
                                    id="vueSearchResults|ADD|pg1|pos7"
                                    class="product-tile-button-container d-flex justify-content-center px-3 mt-2"
                                  >
                                    <div>
                                      <button
                                        data-qa="search-buy-now"
                                        data-oc-click="addToCart"
                                        class="btn btn-transactional btn-block"
                                      >
                                        Add
                                      </button>
                                    </div>
                                  </div>
                                  <!---->
                                  <!---->
                                </div>
                              </div>
                              <div
                                data-qa="search-results"
                                class="col-6 col-md-4 col-xl-3"
                              >
                                <div
                                  data-product-id="5021727000475"
                                  xmlns:v-on="v-on"
                                  xmlns:v-bind="v-bind"
                                  xmlns=""
                                  data-qa="search-result"
                                  id="vueSearchResults|PDP|pg1|pos8"
                                  class="product-tile d-flex flex-column h-100 py-4"
                                >
                                  <!---->
                                  <div
                                    class="image-tile"
                                    style="position: relative"
                                  >
                                    <a
                                      href="/en-GB/p-downies-of-whitehills-traditional-cullen-skink-300g/5021727000475"
                                      data-productid="5021727000475"
                                      data-oc-click="searchProductClick"
                                      class="product-tile-media"
                                      ><figure>
                                        <img
                                          xmlns:v-bind="v-bind"
                                          src="https://aldprdproductimages.azureedge.net/media/resized\$Aldi_GB\19.01.24\5021727000475_0_M.jpg"
                                          alt="Downies Of Whitehills Traditional Cullen Skink 300g"
                                          onerror="imgError(this)"
                                          class="img-fluid product-image"
                                        />
                                      </figure>
                                      <span
                                        class="pl-2 d-inline-flex flex-column-reverse badge-overlay"
                                        ><span
                                          ><img
                                            xmlns:v-bind="v-bind"
                                            src="/media/e7dedb82-ffda-4f71-a384-f9e954457dbf/suFqRg/Badges/ScottishStoresOnly.png"
                                            alt="ScottishStoresOnly"
                                            aria-hidden="true"
                                            onerror="this.style.color='inherit'"
                                            class="pt-2 plp-image-badges" /></span></span
                                    ></a>
                                    <!---->
                                  </div>
                                  <div
                                    class="d-flex justify-content-between p-3"
                                  >
                                    <div class="text-gray-small">300g</div>
                                    <div class="product-tile-wishlist">
                                      <span
                                        ><a
                                          data-qa="product-add-to-wishlist"
                                          title="Add to Favourites"
                                          class="add-to-wishlist p-0"
                                          ><i
                                            class="icoaldi-heart text-white heart-shadow-light h4"
                                          ></i></a
                                      ></span>
                                    </div>
                                  </div>
                                  <div
                                    class="product-tile-text text-center px-3 mb-3"
                                  >
                                    <!---->
                                    <a
                                      data-qa="search-product-title"
                                      href="/en-GB/p-downies-of-whitehills-traditional-cullen-skink-300g/5021727000475"
                                      title="Downies Of Whitehills Traditional Cullen Skink 300g"
                                      data-productid="5021727000475"
                                      data-oc-click="searchProductClick"
                                      class="p text-default-font"
                                    >
                                      Downies Of Whitehills Traditional Cullen
                                      Skink 300g
                                    </a>
                                  </div>
                                  <div
                                    class="d-flex flex-column flex-grow-1 justify-content-end px-3"
                                  >
                                    <div class="text-center">
                                      <div class="btn px-1">
                                        <a
                                          href="/en-GB/chilled-food/ready-meals/ready-meals"
                                          class="font-weight-bold text-decoration-none"
                                          >View rest of shelf&nbsp;<i
                                            class="pl-1 fa fa-lg fa-angle-right d-inline"
                                          ></i
                                        ></a>
                                      </div>
                                    </div>
                                    <div class="product-tile-price text-center">
                                      <div class="">
                                        <!---->
                                        <!---->
                                        <span class="h4"
                                          ><span>Â£1.69</span></span
                                        >
                                        <div class="small text-gray-me">
                                          <p class="m-0">
                                            <small
                                              property="price"
                                              data-qa="product-price"
                                              class="mr-1 text-gray-small"
                                              ><span
                                                >Â£0.56 per 100g</span
                                              ></small
                                            >
                                          </p>
                                        </div>
                                      </div>
                                      <!---->
                                    </div>
                                    <div class="drs-fee text-center">
                                      <span>&nbsp;</span>
                                    </div>
                                  </div>
                                  <div
                                    id="vueSearchResults|ADD|pg1|pos8"
                                    class="product-tile-button-container d-flex justify-content-center px-3 mt-2"
                                  >
                                    <div>
                                      <button
                                        data-qa="search-buy-now"
                                        data-oc-click="addToCart"
                                        class="btn btn-transactional btn-block"
                                      >
                                        Add
                                      </button>
                                    </div>
                                  </div>
                                  <!---->
                                  <!---->
                                </div>
                              </div>
                              <div
                                data-qa="search-results"
                                class="col-6 col-md-4 col-xl-3"
                              >
                                <div
                                  data-product-id="5060059530151"
                                  xmlns:v-on="v-on"
                                  xmlns:v-bind="v-bind"
                                  xmlns=""
                                  data-qa="search-result"
                                  id="vueSearchResults|PDP|pg1|pos9"
                                  class="product-tile d-flex flex-column h-100 py-4"
                                >
                                  <!---->
                                  <div
                                    class="image-tile"
                                    style="position: relative"
                                  >
                                    <a
                                      href="/en-GB/p-edwards-the-welsh-butcher-6-traditional-honey-mustard-pork-sausages-400g/5060059530151"
                                      data-productid="5060059530151"
                                      data-oc-click="searchProductClick"
                                      class="product-tile-media"
                                      ><figure>
                                        <img
                                          xmlns:v-bind="v-bind"
                                          src="https://aldprdproductimages.azureedge.net/media/resized\$Aldi_GB\19.09.23\5060059530151_0_M.jpg"
                                          alt="Edwards The Welsh Butcher 6 Traditional Honey &amp; Mustard Pork Sausages 400g"
                                          onerror="imgError(this)"
                                          class="img-fluid product-image"
                                        />
                                      </figure>
                                      <span
                                        class="pl-2 d-inline-flex flex-column-reverse badge-overlay"
                                        ><span
                                          ><img
                                            xmlns:v-bind="v-bind"
                                            src="/media/ec51c9cc-82f4-4ac6-8c36-a5ba4bdbd9c8/MkrDRg/Badges/MadeInBritain.png"
                                            alt="MadeInBritain"
                                            aria-hidden="true"
                                            onerror="this.style.color='inherit'"
                                            class="pt-2 plp-image-badges" /></span
                                        ><span
                                          ><img
                                            xmlns:v-bind="v-bind"
                                            src="/media/4e13b184-f79c-425e-9e34-2fddf0f4fcc1/suFqRg/Badges/MadeWith100BritishPork.png"
                                            alt="MadeWith100BritishPork"
                                            aria-hidden="true"
                                            onerror="this.style.color='inherit'"
                                            class="pt-2 plp-image-badges" /></span
                                        ><span
                                          ><img
                                            xmlns:v-bind="v-bind"
                                            src="/media/db1d2f54-3a38-4fab-af12-84236efb67a7/suFqRg/Badges/RedTractorCertifiedStandards.png"
                                            alt="RedTractorCertifiedStandards"
                                            aria-hidden="true"
                                            onerror="this.style.color='inherit'"
                                            class="pt-2 plp-image-badges" /></span></span
                                    ></a>
                                    <!---->
                                  </div>
                                  <div
                                    class="d-flex justify-content-between p-3"
                                  >
                                    <div class="text-gray-small">400g</div>
                                    <div class="product-tile-wishlist">
                                      <span
                                        ><a
                                          data-qa="product-add-to-wishlist"
                                          title="Add to Favourites"
                                          class="add-to-wishlist p-0"
                                          ><i
                                            class="icoaldi-heart text-white heart-shadow-light h4"
                                          ></i></a
                                      ></span>
                                    </div>
                                  </div>
                                  <div
                                    class="product-tile-text text-center px-3 mb-3"
                                  >
                                    <!---->
                                    <a
                                      data-qa="search-product-title"
                                      href="/en-GB/p-edwards-the-welsh-butcher-6-traditional-honey-mustard-pork-sausages-400g/5060059530151"
                                      title="Edwards The Welsh Butcher 6 Traditional Honey &amp; Mustard Pork Sausages 400g"
                                      data-productid="5060059530151"
                                      data-oc-click="searchProductClick"
                                      class="p text-default-font"
                                    >
                                      Edwards The Welsh Butcher 6 Traditional
                                      Honey &amp; Mustard
                                    </a>
                                  </div>
                                  <div
                                    class="d-flex flex-column flex-grow-1 justify-content-end px-3"
                                  >
                                    <div class="text-center">
                                      <div class="btn px-1">
                                        <a
                                          href="/en-GB/fresh-food/meat-poultry/sausages"
                                          class="font-weight-bold text-decoration-none"
                                          >View rest of shelf&nbsp;<i
                                            class="pl-1 fa fa-lg fa-angle-right d-inline"
                                          ></i
                                        ></a>
                                      </div>
                                    </div>
                                    <div class="product-tile-price text-center">
                                      <div class="">
                                        <!---->
                                        <!---->
                                        <span class="h4"
                                          ><span>Â£2.75</span></span
                                        >
                                        <div class="small text-gray-me">
                                          <p class="m-0">
                                            <small
                                              property="price"
                                              data-qa="product-price"
                                              class="mr-1 text-gray-small"
                                              ><span>Â£6.88 per kg</span></small
                                            >
                                          </p>
                                        </div>
                                      </div>
                                      <!---->
                                    </div>
                                    <div class="drs-fee text-center">
                                      <span>&nbsp;</span>
                                    </div>
                                  </div>
                                  <div
                                    id="vueSearchResults|ADD|pg1|pos9"
                                    class="product-tile-button-container d-flex justify-content-center px-3 mt-2"
                                  >
                                    <div>
                                      <button
                                        data-qa="search-buy-now"
                                        data-oc-click="addToCart"
                                        class="btn btn-transactional btn-block"
                                      >
                                        Add
                                      </button>
                                    </div>
                                  </div>
                                  <!---->
                                  <!---->
                                </div>
                              </div>
                              <div
                                data-qa="search-results"
                                class="col-6 col-md-4 col-xl-3"
                              >
                                <div
                                  data-product-id="5060426810114"
                                  xmlns:v-on="v-on"
                                  xmlns:v-bind="v-bind"
                                  xmlns=""
                                  data-qa="search-result"
                                  id="vueSearchResults|PDP|pg1|pos10"
                                  class="product-tile d-flex flex-column h-100 py-4"
                                >
                                  <!---->
                                  <div
                                    class="image-tile"
                                    style="position: relative"
                                  >
                                    <a
                                      href="/en-GB/p-the-coconut-collab-choc-pots-4-x-45g/5060426810114"
                                      data-productid="5060426810114"
                                      data-oc-click="searchProductClick"
                                      class="product-tile-media"
                                      ><figure>
                                        <img
                                          xmlns:v-bind="v-bind"
                                          src="https://aldprdproductimages.azureedge.net/media/resized\$Aldi_GB\08.01.24\5060426810114_0_M.jpg"
                                          alt="The Coconut Collab Choc Pots 4 X 45g"
                                          onerror="imgError(this)"
                                          class="img-fluid product-image"
                                        />
                                      </figure>
                                      <!----></a
                                    >
                                    <!---->
                                  </div>
                                  <div
                                    class="d-flex justify-content-between p-3"
                                  >
                                    <div class="text-gray-small">4 x 45g</div>
                                    <div class="product-tile-wishlist">
                                      <span
                                        ><a
                                          data-qa="product-add-to-wishlist"
                                          title="Add to Favourites"
                                          class="add-to-wishlist p-0"
                                          ><i
                                            class="icoaldi-heart text-white heart-shadow-light h4"
                                          ></i></a
                                      ></span>
                                    </div>
                                  </div>
                                  <div
                                    class="product-tile-text text-center px-3 mb-3"
                                  >
                                    <!---->
                                    <a
                                      data-qa="search-product-title"
                                      href="/en-GB/p-the-coconut-collab-choc-pots-4-x-45g/5060426810114"
                                      title="The Coconut Collab Choc Pots 4 X 45g"
                                      data-productid="5060426810114"
                                      data-oc-click="searchProductClick"
                                      class="p text-default-font"
                                    >
                                      The Coconut Collab Choc Pots 4 X 45g
                                    </a>
                                  </div>
                                  <div
                                    class="d-flex flex-column flex-grow-1 justify-content-end px-3"
                                  >
                                    <div class="text-center">
                                      <div class="btn px-1">
                                        <a
                                          href="/en-GB/chilled-food/desserts/desserts"
                                          class="font-weight-bold text-decoration-none"
                                          >View rest of shelf&nbsp;<i
                                            class="pl-1 fa fa-lg fa-angle-right d-inline"
                                          ></i
                                        ></a>
                                      </div>
                                    </div>
                                    <div class="product-tile-price text-center">
                                      <div class="">
                                        <!---->
                                        <!---->
                                        <span class="h4"
                                          ><span>Â£1.49</span></span
                                        >
                                        <div class="small text-gray-me">
                                          <p class="m-0">
                                            <small
                                              property="price"
                                              data-qa="product-price"
                                              class="mr-1 text-gray-small"
                                              ><span
                                                >Â£0.83 per 100g</span
                                              ></small
                                            >
                                          </p>
                                        </div>
                                      </div>
                                      <!---->
                                    </div>
                                    <div class="drs-fee text-center">
                                      <span>&nbsp;</span>
                                    </div>
                                  </div>
                                  <div
                                    id="vueSearchResults|ADD|pg1|pos10"
                                    class="product-tile-button-container d-flex justify-content-center px-3 mt-2"
                                  >
                                    <div>
                                      <button
                                        data-qa="search-buy-now"
                                        data-oc-click="addToCart"
                                        class="btn btn-transactional btn-block"
                                      >
                                        Add
                                      </button>
                                    </div>
                                  </div>
                                  <!---->
                                  <!---->
                                </div>
                              </div>
                              <div
                                data-qa="search-results"
                                class="col-6 col-md-4 col-xl-3"
                              >
                                <div
                                  data-product-id="4088600518022"
                                  xmlns:v-on="v-on"
                                  xmlns:v-bind="v-bind"
                                  xmlns=""
                                  data-qa="search-result"
                                  id="vueSearchResults|PDP|pg1|pos11"
                                  class="product-tile d-flex flex-column h-100 py-4"
                                >
                                  <!---->
                                  <div
                                    class="image-tile"
                                    style="position: relative"
                                  >
                                    <a
                                      href="/en-GB/p-ashfields-tempura-chicken-nuggets-270g/4088600518022"
                                      data-productid="4088600518022"
                                      data-oc-click="searchProductClick"
                                      class="product-tile-media"
                                      ><figure>
                                        <img
                                          xmlns:v-bind="v-bind"
                                          src="https://aldprdproductimages.azureedge.net/media/resized\$Aldi_GB\10.08.23\4088600518022_0_M.jpg"
                                          alt="Ashfields Tempura Chicken Nuggets 270g"
                                          onerror="imgError(this)"
                                          class="img-fluid product-image"
                                        />
                                      </figure>
                                      <span
                                        class="pl-2 d-inline-flex flex-column-reverse badge-overlay"
                                        ><span
                                          ><img
                                            xmlns:v-bind="v-bind"
                                            src="/media/db1d2f54-3a38-4fab-af12-84236efb67a7/suFqRg/Badges/RedTractorCertifiedStandards.png"
                                            alt="RedTractorCertifiedStandards"
                                            aria-hidden="true"
                                            onerror="this.style.color='inherit'"
                                            class="pt-2 plp-image-badges" /></span
                                        ><span
                                          ><img
                                            xmlns:v-bind="v-bind"
                                            src="/media/04731934-eba4-4ff2-af9b-fccbfc32acfd/suFqRg/Badges/MadeWithBritishChicken.png"
                                            alt="MadeWithBritishChicken"
                                            aria-hidden="true"
                                            onerror="this.style.color='inherit'"
                                            class="pt-2 plp-image-badges" /></span></span
                                    ></a>
                                    <!---->
                                  </div>
                                  <div
                                    class="d-flex justify-content-between p-3"
                                  >
                                    <div class="text-gray-small">270g</div>
                                    <div class="product-tile-wishlist">
                                      <span
                                        ><a
                                          data-qa="product-add-to-wishlist"
                                          title="Add to Favourites"
                                          class="add-to-wishlist p-0"
                                          ><i
                                            class="icoaldi-heart text-white heart-shadow-light h4"
                                          ></i></a
                                      ></span>
                                    </div>
                                  </div>
                                  <div
                                    class="product-tile-text text-center px-3 mb-3"
                                  >
                                    <!---->
                                    <a
                                      data-qa="search-product-title"
                                      href="/en-GB/p-ashfields-tempura-chicken-nuggets-270g/4088600518022"
                                      title="Ashfields Tempura Chicken Nuggets 270g"
                                      data-productid="4088600518022"
                                      data-oc-click="searchProductClick"
                                      class="p text-default-font"
                                    >
                                      Ashfields Tempura Chicken Nuggets 270g
                                    </a>
                                  </div>
                                  <div
                                    class="d-flex flex-column flex-grow-1 justify-content-end px-3"
                                  >
                                    <div class="text-center">
                                      <div class="btn px-1">
                                        <a
                                          href="/en-GB/fresh-food/meat-poultry/chicken"
                                          class="font-weight-bold text-decoration-none"
                                          >View rest of shelf&nbsp;<i
                                            class="pl-1 fa fa-lg fa-angle-right d-inline"
                                          ></i
                                        ></a>
                                      </div>
                                    </div>
                                    <div class="product-tile-price text-center">
                                      <div class="">
                                        <!---->
                                        <!---->
                                        <span class="h4"
                                          ><span>Â£2.29</span></span
                                        >
                                        <div class="small text-gray-me">
                                          <p class="m-0">
                                            <small
                                              property="price"
                                              data-qa="product-price"
                                              class="mr-1 text-gray-small"
                                              ><span>Â£8.48 per kg</span></small
                                            >
                                          </p>
                                        </div>
                                      </div>
                                      <!---->
                                    </div>
                                    <div class="drs-fee text-center">
                                      <span>&nbsp;</span>
                                    </div>
                                  </div>
                                  <div
                                    id="vueSearchResults|ADD|pg1|pos11"
                                    class="product-tile-button-container d-flex justify-content-center px-3 mt-2"
                                  >
                                    <div>
                                      <button
                                        data-qa="search-buy-now"
                                        data-oc-click="addToCart"
                                        class="btn btn-transactional btn-block"
                                      >
                                        Add
                                      </button>
                                    </div>
                                  </div>
                                  <!---->
                                  <!---->
                                </div>
                              </div>
                              <div
                                data-qa="search-results"
                                class="col-6 col-md-4 col-xl-3"
                              >
                                <div
                                  data-product-id="4088600334776"
                                  xmlns:v-on="v-on"
                                  xmlns:v-bind="v-bind"
                                  xmlns=""
                                  data-qa="search-result"
                                  id="vueSearchResults|PDP|pg1|pos12"
                                  class="product-tile d-flex flex-column h-100 py-4"
                                >
                                  <!---->
                                  <div
                                    class="image-tile"
                                    style="position: relative"
                                  >
                                    <a
                                      href="/en-GB/p-ashfields-british-breaded-ham-120g/4088600334776"
                                      data-productid="4088600334776"
                                      data-oc-click="searchProductClick"
                                      class="product-tile-media"
                                      ><figure>
                                        <img
                                          xmlns:v-bind="v-bind"
                                          src="https://aldprdproductimages.azureedge.net/media/resized\$Aldi_GB\02.11.22\4088600334776_0_M.jpg"
                                          alt="Ashfields British Breaded Ham 120g"
                                          onerror="imgError(this)"
                                          class="img-fluid product-image"
                                        />
                                      </figure>
                                      <span
                                        class="pl-2 d-inline-flex flex-column-reverse badge-overlay"
                                        ><span
                                          ><img
                                            xmlns:v-bind="v-bind"
                                            src="/media/ec51c9cc-82f4-4ac6-8c36-a5ba4bdbd9c8/MkrDRg/Badges/MadeInBritain.png"
                                            alt="MadeInBritain"
                                            aria-hidden="true"
                                            onerror="this.style.color='inherit'"
                                            class="pt-2 plp-image-badges" /></span
                                        ><span
                                          ><img
                                            xmlns:v-bind="v-bind"
                                            src="/media/4e13b184-f79c-425e-9e34-2fddf0f4fcc1/suFqRg/Badges/MadeWith100BritishPork.png"
                                            alt="MadeWith100BritishPork"
                                            aria-hidden="true"
                                            onerror="this.style.color='inherit'"
                                            class="pt-2 plp-image-badges" /></span
                                        ><span
                                          ><img
                                            xmlns:v-bind="v-bind"
                                            src="/media/db1d2f54-3a38-4fab-af12-84236efb67a7/suFqRg/Badges/RedTractorCertifiedStandards.png"
                                            alt="RedTractorCertifiedStandards"
                                            aria-hidden="true"
                                            onerror="this.style.color='inherit'"
                                            class="pt-2 plp-image-badges" /></span></span
                                    ></a>
                                    <!---->
                                  </div>
                                  <div
                                    class="d-flex justify-content-between p-3"
                                  >
                                    <div class="text-gray-small">120g</div>
                                    <div class="product-tile-wishlist">
                                      <span
                                        ><a
                                          data-qa="product-add-to-wishlist"
                                          title="Add to Favourites"
                                          class="add-to-wishlist p-0"
                                          ><i
                                            class="icoaldi-heart text-white heart-shadow-light h4"
                                          ></i></a
                                      ></span>
                                    </div>
                                  </div>
                                  <div
                                    class="product-tile-text text-center px-3 mb-3"
                                  >
                                    <!---->
                                    <a
                                      data-qa="search-product-title"
                                      href="/en-GB/p-ashfields-british-breaded-ham-120g/4088600334776"
                                      title="Ashfields British Breaded Ham 120g"
                                      data-productid="4088600334776"
                                      data-oc-click="searchProductClick"
                                      class="p text-default-font"
                                    >
                                      Ashfields British Breaded Ham 120g
                                    </a>
                                  </div>
                                  <div
                                    class="d-flex flex-column flex-grow-1 justify-content-end px-3"
                                  >
                                    <div class="text-center">
                                      <div class="btn px-1">
                                        <a
                                          href="/en-GB/chilled-food/chilled-meats/cooked-sliced-meats"
                                          class="font-weight-bold text-decoration-none"
                                          >View rest of shelf&nbsp;<i
                                            class="pl-1 fa fa-lg fa-angle-right d-inline"
                                          ></i
                                        ></a>
                                      </div>
                                    </div>
                                    <div class="product-tile-price text-center">
                                      <div class="">
                                        <!---->
                                        <!---->
                                        <span class="h4"
                                          ><span>Â£1.49</span></span
                                        >
                                        <div class="small text-gray-me">
                                          <p class="m-0">
                                            <small
                                              property="price"
                                              data-qa="product-price"
                                              class="mr-1 text-gray-small"
                                              ><span
                                                >Â£1.24 per 100g</span
                                              ></small
                                            >
                                          </p>
                                        </div>
                                      </div>
                                      <!---->
                                    </div>
                                    <div class="drs-fee text-center">
                                      <span>&nbsp;</span>
                                    </div>
                                  </div>
                                  <div
                                    id="vueSearchResults|ADD|pg1|pos12"
                                    class="product-tile-button-container d-flex justify-content-center px-3 mt-2"
                                  >
                                    <div>
                                      <button
                                        data-qa="search-buy-now"
                                        data-oc-click="addToCart"
                                        class="btn btn-transactional btn-block"
                                      >
                                        Add
                                      </button>
                                    </div>
                                  </div>
                                  <!---->
                                  <!---->
                                </div>
                              </div>
                              <div
                                data-qa="search-results"
                                class="col-6 col-md-4 col-xl-3"
                              >
                                <div
                                  data-product-id="4002971207309"
                                  xmlns:v-on="v-on"
                                  xmlns:v-bind="v-bind"
                                  xmlns=""
                                  data-qa="search-result"
                                  id="vueSearchResults|PDP|pg1|pos13"
                                  class="product-tile d-flex flex-column h-100 py-4"
                                >
                                  <!---->
                                  <div
                                    class="image-tile"
                                    style="position: relative"
                                  >
                                    <a
                                      href="/en-GB/p-ehrmann-high-protein-lemon-mousse-200g/4002971207309"
                                      data-productid="4002971207309"
                                      data-oc-click="searchProductClick"
                                      class="product-tile-media"
                                      ><figure>
                                        <img
                                          xmlns:v-bind="v-bind"
                                          src="https://aldprdproductimages.azureedge.net/media/$Aldi_GB/4002971207309_9f72b7ef0ffb4dd8bbbc2daf1463128e.jpg"
                                          alt="Ehrmann High Protein Lemon Mousse 200g"
                                          onerror="imgError(this)"
                                          class="img-fluid product-image"
                                        />
                                      </figure>
                                      <!----></a
                                    >
                                    <!---->
                                  </div>
                                  <div
                                    class="d-flex justify-content-between p-3"
                                  >
                                    <div class="text-gray-small">200g</div>
                                    <div class="product-tile-wishlist">
                                      <span
                                        ><a
                                          data-qa="product-add-to-wishlist"
                                          title="Add to Favourites"
                                          class="add-to-wishlist p-0"
                                          ><i
                                            class="icoaldi-heart text-white heart-shadow-light h4"
                                          ></i></a
                                      ></span>
                                    </div>
                                  </div>
                                  <div
                                    class="product-tile-text text-center px-3 mb-3"
                                  >
                                    <!---->
                                    <a
                                      data-qa="search-product-title"
                                      href="/en-GB/p-ehrmann-high-protein-lemon-mousse-200g/4002971207309"
                                      title="Ehrmann High Protein Lemon Mousse 200g"
                                      data-productid="4002971207309"
                                      data-oc-click="searchProductClick"
                                      class="p text-default-font"
                                    >
                                      Ehrmann High Protein Lemon Mousse 200g
                                    </a>
                                  </div>
                                  <div
                                    class="d-flex flex-column flex-grow-1 justify-content-end px-3"
                                  >
                                    <div class="text-center">
                                      <div class="btn px-1">
                                        <a
                                          href="/en-GB/chilled-food/yogurts/fruit-yogurts"
                                          class="font-weight-bold text-decoration-none"
                                          >View rest of shelf&nbsp;<i
                                            class="pl-1 fa fa-lg fa-angle-right d-inline"
                                          ></i
                                        ></a>
                                      </div>
                                    </div>
                                    <div class="product-tile-price text-center">
                                      <div class="">
                                        <!---->
                                        <!---->
                                        <span class="h4"
                                          ><span>Â£1.25</span></span
                                        >
                                        <div class="small text-gray-me">
                                          <p class="m-0">
                                            <small
                                              property="price"
                                              data-qa="product-price"
                                              class="mr-1 text-gray-small"
                                              ><span
                                                >Â£0.63 per 100g</span
                                              ></small
                                            >
                                          </p>
                                        </div>
                                      </div>
                                      <!---->
                                    </div>
                                    <div class="drs-fee text-center">
                                      <span>&nbsp;</span>
                                    </div>
                                  </div>
                                  <div
                                    id="vueSearchResults|ADD|pg1|pos13"
                                    class="product-tile-button-container d-flex justify-content-center px-3 mt-2"
                                  >
                                    <div>
                                      <button
                                        data-qa="search-buy-now"
                                        data-oc-click="addToCart"
                                        class="btn btn-transactional btn-block"
                                      >
                                        Add
                                      </button>
                                    </div>
                                  </div>
                                  <!---->
                                  <!---->
                                </div>
                              </div>
                              <div
                                data-qa="search-results"
                                class="col-6 col-md-4 col-xl-3"
                              >
                                <div
                                  data-product-id="4002971207705"
                                  xmlns:v-on="v-on"
                                  xmlns:v-bind="v-bind"
                                  xmlns=""
                                  data-qa="search-result"
                                  id="vueSearchResults|PDP|pg1|pos14"
                                  class="product-tile d-flex flex-column h-100 py-4"
                                >
                                  <!---->
                                  <div
                                    class="image-tile"
                                    style="position: relative"
                                  >
                                    <a
                                      href="/en-GB/p-ehrmann-high-protein-strawberry-mousse-200g/4002971207705"
                                      data-productid="4002971207705"
                                      data-oc-click="searchProductClick"
                                      class="product-tile-media"
                                      ><figure>
                                        <img
                                          xmlns:v-bind="v-bind"
                                          src="https://aldprdproductimages.azureedge.net/media/$Aldi_GB/4002971207705_de43a52a1e5e47dbbb8d21bd1f18f64a.jpg"
                                          alt="Ehrmann High Protein Strawberry Mousse 200g"
                                          onerror="imgError(this)"
                                          class="img-fluid product-image"
                                        />
                                      </figure>
                                      <!----></a
                                    >
                                    <!---->
                                  </div>
                                  <div
                                    class="d-flex justify-content-between p-3"
                                  >
                                    <div class="text-gray-small">200g</div>
                                    <div class="product-tile-wishlist">
                                      <span
                                        ><a
                                          data-qa="product-add-to-wishlist"
                                          title="Add to Favourites"
                                          class="add-to-wishlist p-0"
                                          ><i
                                            class="icoaldi-heart text-white heart-shadow-light h4"
                                          ></i></a
                                      ></span>
                                    </div>
                                  </div>
                                  <div
                                    class="product-tile-text text-center px-3 mb-3"
                                  >
                                    <!---->
                                    <a
                                      data-qa="search-product-title"
                                      href="/en-GB/p-ehrmann-high-protein-strawberry-mousse-200g/4002971207705"
                                      title="Ehrmann High Protein Strawberry Mousse 200g"
                                      data-productid="4002971207705"
                                      data-oc-click="searchProductClick"
                                      class="p text-default-font"
                                    >
                                      Ehrmann High Protein Strawberry Mousse
                                      200g
                                    </a>
                                  </div>
                                  <div
                                    class="d-flex flex-column flex-grow-1 justify-content-end px-3"
                                  >
                                    <div class="text-center">
                                      <div class="btn px-1">
                                        <a
                                          href="/en-GB/chilled-food/yogurts/fruit-yogurts"
                                          class="font-weight-bold text-decoration-none"
                                          >View rest of shelf&nbsp;<i
                                            class="pl-1 fa fa-lg fa-angle-right d-inline"
                                          ></i
                                        ></a>
                                      </div>
                                    </div>
                                    <div class="product-tile-price text-center">
                                      <div class="">
                                        <!---->
                                        <!---->
                                        <span class="h4"
                                          ><span>Â£1.25</span></span
                                        >
                                        <div class="small text-gray-me">
                                          <p class="m-0">
                                            <small
                                              property="price"
                                              data-qa="product-price"
                                              class="mr-1 text-gray-small"
                                              ><span
                                                >Â£0.63 per 100g</span
                                              ></small
                                            >
                                          </p>
                                        </div>
                                      </div>
                                      <!---->
                                    </div>
                                    <div class="drs-fee text-center">
                                      <span>&nbsp;</span>
                                    </div>
                                  </div>
                                  <div
                                    id="vueSearchResults|ADD|pg1|pos14"
                                    class="product-tile-button-container d-flex justify-content-center px-3 mt-2"
                                  >
                                    <div>
                                      <button
                                        data-qa="search-buy-now"
                                        data-oc-click="addToCart"
                                        class="btn btn-transactional btn-block"
                                      >
                                        Add
                                      </button>
                                    </div>
                                  </div>
                                  <!---->
                                  <!---->
                                </div>
                              </div>
                              <div
                                data-qa="search-results"
                                class="col-6 col-md-4 col-xl-3"
                              >
                                <div
                                  data-product-id="4088600135304"
                                  xmlns:v-on="v-on"
                                  xmlns:v-bind="v-bind"
                                  xmlns=""
                                  data-qa="search-result"
                                  id="vueSearchResults|PDP|pg1|pos15"
                                  class="product-tile d-flex flex-column h-100 py-4"
                                >
                                  <!---->
                                  <div
                                    class="image-tile"
                                    style="position: relative"
                                  >
                                    <a
                                      href="/en-GB/p-ashfields-dry-cured-british-breaded-ham-240g/4088600135304"
                                      data-productid="4088600135304"
                                      data-oc-click="searchProductClick"
                                      class="product-tile-media"
                                      ><figure>
                                        <img
                                          xmlns:v-bind="v-bind"
                                          src="https://aldprdproductimages.azureedge.net/media/resized\$Aldi_GB\07.06.23\4088600135304_0_M.jpg"
                                          alt="Ashfields Dry Cured British Breaded Ham 240g"
                                          onerror="imgError(this)"
                                          class="img-fluid product-image"
                                        />
                                      </figure>
                                      <span
                                        class="pl-2 d-inline-flex flex-column-reverse badge-overlay"
                                        ><span
                                          ><img
                                            xmlns:v-bind="v-bind"
                                            src="/media/ec51c9cc-82f4-4ac6-8c36-a5ba4bdbd9c8/MkrDRg/Badges/MadeInBritain.png"
                                            alt="MadeInBritain"
                                            aria-hidden="true"
                                            onerror="this.style.color='inherit'"
                                            class="pt-2 plp-image-badges" /></span
                                        ><span
                                          ><img
                                            xmlns:v-bind="v-bind"
                                            src="/media/4e13b184-f79c-425e-9e34-2fddf0f4fcc1/suFqRg/Badges/MadeWith100BritishPork.png"
                                            alt="MadeWith100BritishPork"
                                            aria-hidden="true"
                                            onerror="this.style.color='inherit'"
                                            class="pt-2 plp-image-badges" /></span
                                        ><span
                                          ><img
                                            xmlns:v-bind="v-bind"
                                            src="/media/db1d2f54-3a38-4fab-af12-84236efb67a7/suFqRg/Badges/RedTractorCertifiedStandards.png"
                                            alt="RedTractorCertifiedStandards"
                                            aria-hidden="true"
                                            onerror="this.style.color='inherit'"
                                            class="pt-2 plp-image-badges" /></span></span
                                    ></a>
                                    <!---->
                                  </div>
                                  <div
                                    class="d-flex justify-content-between p-3"
                                  >
                                    <div class="text-gray-small">240g</div>
                                    <div class="product-tile-wishlist">
                                      <span
                                        ><a
                                          data-qa="product-add-to-wishlist"
                                          title="Add to Favourites"
                                          class="add-to-wishlist p-0"
                                          ><i
                                            class="icoaldi-heart text-white heart-shadow-light h4"
                                          ></i></a
                                      ></span>
                                    </div>
                                  </div>
                                  <div
                                    class="product-tile-text text-center px-3 mb-3"
                                  >
                                    <!---->
                                    <a
                                      data-qa="search-product-title"
                                      href="/en-GB/p-ashfields-dry-cured-british-breaded-ham-240g/4088600135304"
                                      title="Ashfields Dry Cured British Breaded Ham 240g"
                                      data-productid="4088600135304"
                                      data-oc-click="searchProductClick"
                                      class="p text-default-font"
                                    >
                                      Ashfields Dry Cured British Breaded Ham
                                      240g
                                    </a>
                                  </div>
                                  <div
                                    class="d-flex flex-column flex-grow-1 justify-content-end px-3"
                                  >
                                    <div class="text-center">
                                      <div class="btn px-1">
                                        <a
                                          href="/en-GB/chilled-food/chilled-meats/cooked-sliced-meats"
                                          class="font-weight-bold text-decoration-none"
                                          >View rest of shelf&nbsp;<i
                                            class="pl-1 fa fa-lg fa-angle-right d-inline"
                                          ></i
                                        ></a>
                                      </div>
                                    </div>
                                    <div class="product-tile-price text-center">
                                      <div class="">
                                        <!---->
                                        <!---->
                                        <span class="h4"
                                          ><span>Â£2.25</span></span
                                        >
                                        <div class="small text-gray-me">
                                          <p class="m-0">
                                            <small
                                              property="price"
                                              data-qa="product-price"
                                              class="mr-1 text-gray-small"
                                              ><span
                                                >Â£0.94 per 100g</span
                                              ></small
                                            >
                                          </p>
                                        </div>
                                      </div>
                                      <!---->
                                    </div>
                                    <div class="drs-fee text-center">
                                      <span>&nbsp;</span>
                                    </div>
                                  </div>
                                  <div
                                    id="vueSearchResults|ADD|pg1|pos15"
                                    class="product-tile-button-container d-flex justify-content-center px-3 mt-2"
                                  >
                                    <div>
                                      <button
                                        data-qa="search-buy-now"
                                        data-oc-click="addToCart"
                                        class="btn btn-transactional btn-block"
                                      >
                                        Add
                                      </button>
                                    </div>
                                  </div>
                                  <!---->
                                  <!---->
                                </div>
                              </div>
                              <div
                                data-qa="search-results"
                                class="col-6 col-md-4 col-xl-3"
                              >
                                <div
                                  data-product-id="4088600146683"
                                  xmlns:v-on="v-on"
                                  xmlns:v-bind="v-bind"
                                  xmlns=""
                                  data-qa="search-result"
                                  id="vueSearchResults|PDP|pg1|pos16"
                                  class="product-tile d-flex flex-column h-100 py-4"
                                >
                                  <!---->
                                  <div
                                    class="image-tile"
                                    style="position: relative"
                                  >
                                    <a
                                      href="/en-GB/p-ashfields-tempura-chicken-mini-fillet-tenders-300g/4088600146683"
                                      data-productid="4088600146683"
                                      data-oc-click="searchProductClick"
                                      class="product-tile-media"
                                      ><figure>
                                        <img
                                          xmlns:v-bind="v-bind"
                                          src="https://aldprdproductimages.azureedge.net/media/$Aldi_GB/4088600146683_d592e146a26346a58c4d5a20f0e801ec.jpg"
                                          alt="Ashfields Tempura Chicken Mini Fillet Tenders 300g"
                                          onerror="imgError(this)"
                                          class="img-fluid product-image"
                                        />
                                      </figure>
                                      <span
                                        class="pl-2 d-inline-flex flex-column-reverse badge-overlay"
                                        ><span
                                          ><img
                                            xmlns:v-bind="v-bind"
                                            src="/media/db1d2f54-3a38-4fab-af12-84236efb67a7/suFqRg/Badges/RedTractorCertifiedStandards.png"
                                            alt="RedTractorCertifiedStandards"
                                            aria-hidden="true"
                                            onerror="this.style.color='inherit'"
                                            class="pt-2 plp-image-badges" /></span
                                        ><span
                                          ><img
                                            xmlns:v-bind="v-bind"
                                            src="/media/04731934-eba4-4ff2-af9b-fccbfc32acfd/suFqRg/Badges/MadeWithBritishChicken.png"
                                            alt="MadeWithBritishChicken"
                                            aria-hidden="true"
                                            onerror="this.style.color='inherit'"
                                            class="pt-2 plp-image-badges" /></span></span
                                    ></a>
                                    <span
                                      class="image-overlay"
                                      style="background: rgb(205, 205, 205)"
                                    >
                                      OFFER ENDS 13 MAR
                                    </span>
                                  </div>
                                  <div
                                    class="d-flex justify-content-between p-3"
                                  >
                                    <div class="text-gray-small">300g</div>
                                    <div class="product-tile-wishlist">
                                      <span
                                        ><a
                                          data-qa="product-add-to-wishlist"
                                          title="Add to Favourites"
                                          class="add-to-wishlist p-0"
                                          ><i
                                            class="icoaldi-heart text-white heart-shadow-light h4"
                                          ></i></a
                                      ></span>
                                    </div>
                                  </div>
                                  <div
                                    class="product-tile-text text-center px-3 mb-3"
                                  >
                                    <!---->
                                    <a
                                      data-qa="search-product-title"
                                      href="/en-GB/p-ashfields-tempura-chicken-mini-fillet-tenders-300g/4088600146683"
                                      title="Ashfields Tempura Chicken Mini Fillet Tenders 300g"
                                      data-productid="4088600146683"
                                      data-oc-click="searchProductClick"
                                      class="p text-default-font"
                                    >
                                      Ashfields Tempura Chicken Mini Fillet
                                      Tenders 300g
                                    </a>
                                  </div>
                                  <div
                                    class="d-flex flex-column flex-grow-1 justify-content-end px-3"
                                  >
                                    <div class="text-center">
                                      <div class="btn px-1">
                                        <a
                                          href="/en-GB/fresh-food/meat-poultry/chicken"
                                          class="font-weight-bold text-decoration-none"
                                          >View rest of shelf&nbsp;<i
                                            class="pl-1 fa fa-lg fa-angle-right d-inline"
                                          ></i
                                        ></a>
                                      </div>
                                    </div>
                                    <div class="product-tile-price text-center">
                                      <div class="text-danger">
                                        <!---->
                                        <!---->
                                        <span class="h4"
                                          ><span>Â£1.99</span></span
                                        >
                                        <div class="small text-gray-me">
                                          <p class="m-0">
                                            <small
                                              property="price"
                                              data-qa="product-price"
                                              class="mr-1 text-gray-small text-danger"
                                              ><span>Â£6.63 per kg</span></small
                                            >
                                          </p>
                                        </div>
                                      </div>
                                      <del>Â£2.49</del>
                                    </div>
                                    <div class="drs-fee text-center">
                                      <span>&nbsp;</span>
                                    </div>
                                  </div>
                                  <div
                                    id="vueSearchResults|ADD|pg1|pos16"
                                    class="product-tile-button-container d-flex justify-content-center px-3 mt-2"
                                  >
                                    <div>
                                      <button
                                        data-qa="search-buy-now"
                                        data-oc-click="addToCart"
                                        class="btn btn-transactional btn-block"
                                      >
                                        Add
                                      </button>
                                    </div>
                                  </div>
                                  <!---->
                                  <!---->
                                </div>
                              </div>
                              <div
                                data-qa="search-results"
                                class="col-6 col-md-4 col-xl-3"
                              >
                                <div
                                  data-product-id="4088600167824"
                                  xmlns:v-on="v-on"
                                  xmlns:v-bind="v-bind"
                                  xmlns=""
                                  data-qa="search-result"
                                  id="vueSearchResults|PDP|pg1|pos17"
                                  class="product-tile d-flex flex-column h-100 py-4"
                                >
                                  <!---->
                                  <div
                                    class="image-tile"
                                    style="position: relative"
                                  >
                                    <a
                                      href="/en-GB/p-the-fishmonger-tempura-haddock-goujons-200g/4088600167824"
                                      data-productid="4088600167824"
                                      data-oc-click="searchProductClick"
                                      class="product-tile-media"
                                      ><figure>
                                        <img
                                          xmlns:v-bind="v-bind"
                                          src="https://aldprdproductimages.azureedge.net/media/$Aldi_GB/26.04.23/4088600167824_0.jpg"
                                          alt="The Fishmonger Tempura Haddock Goujons 200g"
                                          onerror="imgError(this)"
                                          class="img-fluid product-image"
                                        />
                                      </figure>
                                      <span
                                        class="pl-2 d-inline-flex flex-column-reverse badge-overlay"
                                        ><span
                                          ><img
                                            xmlns:v-bind="v-bind"
                                            src="/media/e7dedb82-ffda-4f71-a384-f9e954457dbf/suFqRg/Badges/ScottishStoresOnly.png"
                                            alt="ScottishStoresOnly"
                                            aria-hidden="true"
                                            onerror="this.style.color='inherit'"
                                            class="pt-2 plp-image-badges" /></span
                                        ><span
                                          ><img
                                            xmlns:v-bind="v-bind"
                                            src="/media/e1d94d09-afc1-4141-8e4c-d78325150e54/MkrDRg/Badges/CertifiedSustainableSeafoodMSC.png"
                                            alt="CertifiedSustainableSeafoodMSC"
                                            aria-hidden="true"
                                            onerror="this.style.color='inherit'"
                                            class="pt-2 plp-image-badges" /></span
                                        ><span
                                          ><img
                                            xmlns:v-bind="v-bind"
                                            src="/media/fdc1ba01-0d4f-4034-bb79-3a4e73ac3537/suFqRg/Badges/ProducedInScotland.png"
                                            alt="ProducedInScotland"
                                            aria-hidden="true"
                                            onerror="this.style.color='inherit'"
                                            class="pt-2 plp-image-badges" /></span></span
                                    ></a>
                                    <!---->
                                  </div>
                                  <div
                                    class="d-flex justify-content-between p-3"
                                  >
                                    <div class="text-gray-small">200g</div>
                                    <div class="product-tile-wishlist">
                                      <span
                                        ><a
                                          data-qa="product-add-to-wishlist"
                                          title="Add to Favourites"
                                          class="add-to-wishlist p-0"
                                          ><i
                                            class="icoaldi-heart text-white heart-shadow-light h4"
                                          ></i></a
                                      ></span>
                                    </div>
                                  </div>
                                  <div
                                    class="product-tile-text text-center px-3 mb-3"
                                  >
                                    <!---->
                                    <a
                                      data-qa="search-product-title"
                                      href="/en-GB/p-the-fishmonger-tempura-haddock-goujons-200g/4088600167824"
                                      title="The Fishmonger Tempura Haddock Goujons 200g"
                                      data-productid="4088600167824"
                                      data-oc-click="searchProductClick"
                                      class="p text-default-font"
                                    >
                                      The Fishmonger Tempura Haddock Goujons
                                      200g
                                    </a>
                                  </div>
                                  <div
                                    class="d-flex flex-column flex-grow-1 justify-content-end px-3"
                                  >
                                    <div class="text-center">
                                      <div class="btn px-1">
                                        <a
                                          href="/en-GB/fresh-food/fresh-fish/fish"
                                          class="font-weight-bold text-decoration-none"
                                          >View rest of shelf&nbsp;<i
                                            class="pl-1 fa fa-lg fa-angle-right d-inline"
                                          ></i
                                        ></a>
                                      </div>
                                    </div>
                                    <div class="product-tile-price text-center">
                                      <div class="text-danger">
                                        <!---->
                                        <!---->
                                        <span class="h4"
                                          ><span>Â£2.25</span></span
                                        >
                                        <div class="small text-gray-me">
                                          <p class="m-0">
                                            <small
                                              property="price"
                                              data-qa="product-price"
                                              class="mr-1 text-gray-small text-danger"
                                              ><span>Â£11.25 per kg</span></small
                                            >
                                          </p>
                                        </div>
                                      </div>
                                      <del>Â£2.49</del>
                                    </div>
                                    <div class="drs-fee text-center">
                                      <span>&nbsp;</span>
                                    </div>
                                  </div>
                                  <div
                                    id="vueSearchResults|ADD|pg1|pos17"
                                    class="product-tile-button-container d-flex justify-content-center px-3 mt-2"
                                  >
                                    <div>
                                      <button
                                        data-qa="search-buy-now"
                                        data-oc-click="addToCart"
                                        class="btn btn-transactional btn-block"
                                      >
                                        Add
                                      </button>
                                    </div>
                                  </div>
                                  <!---->
                                  <!---->
                                </div>
                              </div>
                              <div
                                data-qa="search-results"
                                class="col-6 col-md-4 col-xl-3"
                              >
                                <div
                                  data-product-id="5060302740030"
                                  xmlns:v-on="v-on"
                                  xmlns:v-bind="v-bind"
                                  xmlns=""
                                  data-qa="search-result"
                                  id="vueSearchResults|PDP|pg1|pos18"
                                  class="product-tile d-flex flex-column h-100 py-4"
                                >
                                  <!---->
                                  <div
                                    class="image-tile"
                                    style="position: relative"
                                  >
                                    <a
                                      href="/en-GB/p-sandford-orchards-devon-red-supreme-cider-500ml/5060302740030"
                                      data-productid="5060302740030"
                                      data-oc-click="searchProductClick"
                                      class="product-tile-media"
                                      ><figure>
                                        <img
                                          xmlns:v-bind="v-bind"
                                          src="https://aldprdproductimages.azureedge.net/media/resized\$Aldi_GB\16.05.22 (2)\5060302740030_0_M.jpg"
                                          alt="Sandford Orchards Devon Red Supreme Cider 500ml"
                                          onerror="imgError(this)"
                                          class="img-fluid product-image"
                                        />
                                      </figure>
                                      <!----></a
                                    >
                                    <!---->
                                  </div>
                                  <div
                                    class="d-flex justify-content-between p-3"
                                  >
                                    <div class="text-gray-small">500ml</div>
                                    <div class="product-tile-wishlist">
                                      <span
                                        ><a
                                          data-qa="product-add-to-wishlist"
                                          title="Add to Favourites"
                                          class="add-to-wishlist p-0"
                                          ><i
                                            class="icoaldi-heart text-white heart-shadow-light h4"
                                          ></i></a
                                      ></span>
                                    </div>
                                  </div>
                                  <div
                                    class="product-tile-text text-center px-3 mb-3"
                                  >
                                    <!---->
                                    <a
                                      data-qa="search-product-title"
                                      href="/en-GB/p-sandford-orchards-devon-red-supreme-cider-500ml/5060302740030"
                                      title="Sandford Orchards Devon Red Supreme Cider 500ml"
                                      data-productid="5060302740030"
                                      data-oc-click="searchProductClick"
                                      class="p text-default-font"
                                    >
                                      Sandford Orchards Devon Red Supreme Cider
                                      500ml
                                    </a>
                                  </div>
                                  <div
                                    class="d-flex flex-column flex-grow-1 justify-content-end px-3"
                                  >
                                    <div class="text-center">
                                      <div class="btn px-1">
                                        <a
                                          href="/en-GB/drinks/beers-ciders/cider"
                                          class="font-weight-bold text-decoration-none"
                                          >View rest of shelf&nbsp;<i
                                            class="pl-1 fa fa-lg fa-angle-right d-inline"
                                          ></i
                                        ></a>
                                      </div>
                                    </div>
                                    <div class="product-tile-price text-center">
                                      <div class="">
                                        <!---->
                                        <!---->
                                        <span class="h4"
                                          ><span>Â£1.99</span></span
                                        >
                                        <div class="small text-gray-me">
                                          <p class="m-0">
                                            <small
                                              property="price"
                                              data-qa="product-price"
                                              class="mr-1 text-gray-small"
                                              ><span
                                                >Â£3.98 per litre</span
                                              ></small
                                            >
                                          </p>
                                        </div>
                                      </div>
                                      <!---->
                                    </div>
                                    <div class="drs-fee text-center">
                                      <span>&nbsp;</span>
                                    </div>
                                  </div>
                                  <div
                                    id="vueSearchResults|ADD|pg1|pos18"
                                    class="product-tile-button-container d-flex justify-content-center px-3 mt-2"
                                  >
                                    <div>
                                      <button
                                        data-qa="search-buy-now"
                                        data-oc-click="addToCart"
                                        class="btn btn-transactional btn-block"
                                      >
                                        Add
                                      </button>
                                    </div>
                                  </div>
                                  <!---->
                                  <!---->
                                </div>
                              </div>
                              <div
                                data-qa="search-results"
                                class="col-6 col-md-4 col-xl-3"
                              >
                                <div
                                  data-product-id="5449000058386"
                                  xmlns:v-on="v-on"
                                  xmlns:v-bind="v-bind"
                                  xmlns=""
                                  data-qa="search-result"
                                  id="vueSearchResults|PDP|pg1|pos19"
                                  class="product-tile d-flex flex-column h-100 py-4"
                                >
                                  <!---->
                                  <div
                                    class="image-tile"
                                    style="position: relative"
                                  >
                                    <a
                                      href="/en-GB/p-coca-cola-original-taste-8-x-330ml/5449000058386"
                                      data-productid="5449000058386"
                                      data-oc-click="searchProductClick"
                                      class="product-tile-media"
                                      ><figure>
                                        <img
                                          xmlns:v-bind="v-bind"
                                          src="https://aldprdproductimages.azureedge.net/media/resized\$Aldi_GB\12.05.22\5449000058386_0_M.jpg"
                                          alt="Coca-Cola Original Taste 8 X 330ml"
                                          onerror="imgError(this)"
                                          class="img-fluid product-image"
                                        />
                                      </figure>
                                      <!----></a
                                    >
                                    <!---->
                                  </div>
                                  <div
                                    class="d-flex justify-content-between p-3"
                                  >
                                    <div class="text-gray-small">8 x 330ml</div>
                                    <div class="product-tile-wishlist">
                                      <span
                                        ><a
                                          data-qa="product-add-to-wishlist"
                                          title="Add to Favourites"
                                          class="add-to-wishlist p-0"
                                          ><i
                                            class="icoaldi-heart text-white heart-shadow-light h4"
                                          ></i></a
                                      ></span>
                                    </div>
                                  </div>
                                  <div
                                    class="product-tile-text text-center px-3 mb-3"
                                  >
                                    <!---->
                                    <a
                                      data-qa="search-product-title"
                                      href="/en-GB/p-coca-cola-original-taste-8-x-330ml/5449000058386"
                                      title="Coca-Cola Original Taste 8 X 330ml"
                                      data-productid="5449000058386"
                                      data-oc-click="searchProductClick"
                                      class="p text-default-font"
                                    >
                                      Coca-Cola Original Taste 8 X 330ml
                                    </a>
                                  </div>
                                  <div
                                    class="d-flex flex-column flex-grow-1 justify-content-end px-3"
                                  >
                                    <div class="text-center">
                                      <div class="btn px-1">
                                        <a
                                          href="/en-GB/drinks/soft-drinks-juices/soft-fizzy-drinks"
                                          class="font-weight-bold text-decoration-none"
                                          >View rest of shelf&nbsp;<i
                                            class="pl-1 fa fa-lg fa-angle-right d-inline"
                                          ></i
                                        ></a>
                                      </div>
                                    </div>
                                    <div class="product-tile-price text-center">
                                      <div class="">
                                        <!---->
                                        <!---->
                                        <span class="h4"
                                          ><span>Â£5.19</span></span
                                        >
                                        <div class="small text-gray-me">
                                          <p class="m-0">
                                            <small
                                              property="price"
                                              data-qa="product-price"
                                              class="mr-1 text-gray-small"
                                              ><span
                                                >Â£0.20 per 100ml</span
                                              ></small
                                            >
                                          </p>
                                        </div>
                                      </div>
                                      <!---->
                                    </div>
                                    <div class="drs-fee text-center">
                                      <span>&nbsp;</span>
                                    </div>
                                  </div>
                                  <div
                                    id="vueSearchResults|ADD|pg1|pos19"
                                    class="product-tile-button-container d-flex justify-content-center px-3 mt-2"
                                  >
                                    <div>
                                      <button
                                        data-qa="search-buy-now"
                                        data-oc-click="addToCart"
                                        class="btn btn-transactional btn-block"
                                      >
                                        Add
                                      </button>
                                    </div>
                                  </div>
                                  <!---->
                                  <!---->
                                </div>
                              </div>
                              <div
                                data-qa="search-results"
                                class="col-6 col-md-4 col-xl-3"
                              >
                                <div
                                  data-product-id="5449000601971"
                                  xmlns:v-on="v-on"
                                  xmlns:v-bind="v-bind"
                                  xmlns=""
                                  data-qa="search-result"
                                  id="vueSearchResults|PDP|pg1|pos20"
                                  class="product-tile d-flex flex-column h-100 py-4"
                                >
                                  <!---->
                                  <div
                                    class="image-tile"
                                    style="position: relative"
                                  >
                                    <a
                                      href="/en-GB/p-coca-cola-original-taste-175l/5449000601971"
                                      data-productid="5449000601971"
                                      data-oc-click="searchProductClick"
                                      class="product-tile-media"
                                      ><figure>
                                        <img
                                          xmlns:v-bind="v-bind"
                                          src="https://aldprdproductimages.azureedge.net/media/resized\$Aldi_GB\12.08.22 (2)\5449000601971_0_M.jpg"
                                          alt="Coca-Cola Original Taste 1.75l"
                                          onerror="imgError(this)"
                                          class="img-fluid product-image"
                                        />
                                      </figure>
                                      <!----></a
                                    >
                                    <!---->
                                  </div>
                                  <div
                                    class="d-flex justify-content-between p-3"
                                  >
                                    <div class="text-gray-small">1.75l</div>
                                    <div class="product-tile-wishlist">
                                      <span
                                        ><a
                                          data-qa="product-add-to-wishlist"
                                          title="Add to Favourites"
                                          class="add-to-wishlist p-0"
                                          ><i
                                            class="icoaldi-heart text-white heart-shadow-light h4"
                                          ></i></a
                                      ></span>
                                    </div>
                                  </div>
                                  <div
                                    class="product-tile-text text-center px-3 mb-3"
                                  >
                                    <!---->
                                    <a
                                      data-qa="search-product-title"
                                      href="/en-GB/p-coca-cola-original-taste-175l/5449000601971"
                                      title="Coca-Cola Original Taste 1.75l"
                                      data-productid="5449000601971"
                                      data-oc-click="searchProductClick"
                                      class="p text-default-font"
                                    >
                                      Coca-Cola Original Taste 1.75l
                                    </a>
                                  </div>
                                  <div
                                    class="d-flex flex-column flex-grow-1 justify-content-end px-3"
                                  >
                                    <div class="text-center">
                                      <div class="btn px-1">
                                        <a
                                          href="/en-GB/drinks/soft-drinks-juices/soft-fizzy-drinks"
                                          class="font-weight-bold text-decoration-none"
                                          >View rest of shelf&nbsp;<i
                                            class="pl-1 fa fa-lg fa-angle-right d-inline"
                                          ></i
                                        ></a>
                                      </div>
                                    </div>
                                    <div class="product-tile-price text-center">
                                      <div class="">
                                        <!---->
                                        <!---->
                                        <span class="h4"
                                          ><span>Â£2.39</span></span
                                        >
                                        <div class="small text-gray-me">
                                          <p class="m-0">
                                            <small
                                              property="price"
                                              data-qa="product-price"
                                              class="mr-1 text-gray-small"
                                              ><span
                                                >Â£0.14 per 100ml</span
                                              ></small
                                            >
                                          </p>
                                        </div>
                                      </div>
                                      <!---->
                                    </div>
                                    <div class="drs-fee text-center">
                                      <span>&nbsp;</span>
                                    </div>
                                  </div>
                                  <div
                                    id="vueSearchResults|ADD|pg1|pos20"
                                    class="product-tile-button-container d-flex justify-content-center px-3 mt-2"
                                  >
                                    <div>
                                      <button
                                        data-qa="search-buy-now"
                                        data-oc-click="addToCart"
                                        class="btn btn-transactional btn-block"
                                      >
                                        Add
                                      </button>
                                    </div>
                                  </div>
                                  <!---->
                                  <!---->
                                </div>
                              </div>
                              <div
                                data-qa="search-results"
                                class="col-6 col-md-4 col-xl-3"
                              >
                                <div
                                  data-product-id="5019503018974"
                                  xmlns:v-on="v-on"
                                  xmlns:v-bind="v-bind"
                                  xmlns=""
                                  data-qa="search-result"
                                  id="vueSearchResults|PDP|pg1|pos21"
                                  class="product-tile d-flex flex-column h-100 py-4"
                                >
                                  <!---->
                                  <div
                                    class="image-tile"
                                    style="position: relative"
                                  >
                                    <a
                                      href="/en-GB/p-quorn-mince-500g/5019503018974"
                                      data-productid="5019503018974"
                                      data-oc-click="searchProductClick"
                                      class="product-tile-media"
                                      ><figure>
                                        <img
                                          xmlns:v-bind="v-bind"
                                          src="https://aldprdproductimages.azureedge.net/media/resized\$Aldi_GB\08.09.23\5019503018974_0_M.jpg"
                                          alt="Quorn Mince 500g"
                                          onerror="imgError(this)"
                                          class="img-fluid product-image"
                                        />
                                      </figure>
                                      <span
                                        class="pl-2 d-inline-flex flex-column-reverse badge-overlay"
                                        ><span
                                          ><img
                                            xmlns:v-bind="v-bind"
                                            src="/media/d4c6415a-bc19-4d66-a2a6-01e8571f3cfe/suFqRg/Badges/SnowflakeFrozen.png"
                                            alt="SnowflakeFrozen"
                                            aria-hidden="true"
                                            onerror="this.style.color='inherit'"
                                            class="pt-2 plp-image-badges" /></span></span
                                    ></a>
                                    <!---->
                                  </div>
                                  <div
                                    class="d-flex justify-content-between p-3"
                                  >
                                    <div class="text-gray-small">500g</div>
                                    <div class="product-tile-wishlist">
                                      <span
                                        ><a
                                          data-qa="product-add-to-wishlist"
                                          title="Add to Favourites"
                                          class="add-to-wishlist p-0"
                                          ><i
                                            class="icoaldi-heart text-white heart-shadow-light h4"
                                          ></i></a
                                      ></span>
                                    </div>
                                  </div>
                                  <div
                                    class="product-tile-text text-center px-3 mb-3"
                                  >
                                    <!---->
                                    <a
                                      data-qa="search-product-title"
                                      href="/en-GB/p-quorn-mince-500g/5019503018974"
                                      title="Quorn Mince 500g"
                                      data-productid="5019503018974"
                                      data-oc-click="searchProductClick"
                                      class="p text-default-font"
                                    >
                                      Quorn Mince 500g
                                    </a>
                                  </div>
                                  <div
                                    class="d-flex flex-column flex-grow-1 justify-content-end px-3"
                                  >
                                    <div class="text-center">
                                      <div class="btn px-1">
                                        <a
                                          href="/en-GB/frozen/frozen-vegetarian-food"
                                          class="font-weight-bold text-decoration-none"
                                          >View rest of shelf&nbsp;<i
                                            class="pl-1 fa fa-lg fa-angle-right d-inline"
                                          ></i
                                        ></a>
                                      </div>
                                    </div>
                                    <div class="product-tile-price text-center">
                                      <div class="">
                                        <!---->
                                        <!---->
                                        <span class="h4"
                                          ><span>Â£2.95</span></span
                                        >
                                        <div class="small text-gray-me">
                                          <p class="m-0">
                                            <small
                                              property="price"
                                              data-qa="product-price"
                                              class="mr-1 text-gray-small"
                                              ><span
                                                >Â£0.59 per 100g</span
                                              ></small
                                            >
                                          </p>
                                        </div>
                                      </div>
                                      <!---->
                                    </div>
                                    <div class="drs-fee text-center">
                                      <span>&nbsp;</span>
                                    </div>
                                  </div>
                                  <div
                                    id="vueSearchResults|ADD|pg1|pos21"
                                    class="product-tile-button-container d-flex justify-content-center px-3 mt-2"
                                  >
                                    <div>
                                      <button
                                        data-qa="search-buy-now"
                                        data-oc-click="addToCart"
                                        class="btn btn-transactional btn-block"
                                      >
                                        Add
                                      </button>
                                    </div>
                                  </div>
                                  <!---->
                                  <!---->
                                </div>
                              </div>
                              <div
                                data-qa="search-results"
                                class="col-6 col-md-4 col-xl-3"
                              >
                                <div
                                  data-product-id="5019503019056"
                                  xmlns:v-on="v-on"
                                  xmlns:v-bind="v-bind"
                                  xmlns=""
                                  data-qa="search-result"
                                  id="vueSearchResults|PDP|pg1|pos22"
                                  class="product-tile d-flex flex-column h-100 py-4"
                                >
                                  <!---->
                                  <div
                                    class="image-tile"
                                    style="position: relative"
                                  >
                                    <a
                                      href="/en-GB/p-quorn-pieces-500g/5019503019056"
                                      data-productid="5019503019056"
                                      data-oc-click="searchProductClick"
                                      class="product-tile-media"
                                      ><figure>
                                        <img
                                          xmlns:v-bind="v-bind"
                                          src="https://aldprdproductimages.azureedge.net/media/resized\$Aldi_GB\08.09.23\5019503019056_0_M.jpg"
                                          alt="Quorn Pieces 500g"
                                          onerror="imgError(this)"
                                          class="img-fluid product-image"
                                        />
                                      </figure>
                                      <span
                                        class="pl-2 d-inline-flex flex-column-reverse badge-overlay"
                                        ><span
                                          ><img
                                            xmlns:v-bind="v-bind"
                                            src="/media/d4c6415a-bc19-4d66-a2a6-01e8571f3cfe/suFqRg/Badges/SnowflakeFrozen.png"
                                            alt="SnowflakeFrozen"
                                            aria-hidden="true"
                                            onerror="this.style.color='inherit'"
                                            class="pt-2 plp-image-badges" /></span></span
                                    ></a>
                                    <!---->
                                  </div>
                                  <div
                                    class="d-flex justify-content-between p-3"
                                  >
                                    <div class="text-gray-small">500g</div>
                                    <div class="product-tile-wishlist">
                                      <span
                                        ><a
                                          data-qa="product-add-to-wishlist"
                                          title="Add to Favourites"
                                          class="add-to-wishlist p-0"
                                          ><i
                                            class="icoaldi-heart text-white heart-shadow-light h4"
                                          ></i></a
                                      ></span>
                                    </div>
                                  </div>
                                  <div
                                    class="product-tile-text text-center px-3 mb-3"
                                  >
                                    <!---->
                                    <a
                                      data-qa="search-product-title"
                                      href="/en-GB/p-quorn-pieces-500g/5019503019056"
                                      title="Quorn Pieces 500g"
                                      data-productid="5019503019056"
                                      data-oc-click="searchProductClick"
                                      class="p text-default-font"
                                    >
                                      Quorn Pieces 500g
                                    </a>
                                  </div>
                                  <div
                                    class="d-flex flex-column flex-grow-1 justify-content-end px-3"
                                  >
                                    <div class="text-center">
                                      <div class="btn px-1">
                                        <a
                                          href="/en-GB/frozen/frozen-vegetarian-food"
                                          class="font-weight-bold text-decoration-none"
                                          >View rest of shelf&nbsp;<i
                                            class="pl-1 fa fa-lg fa-angle-right d-inline"
                                          ></i
                                        ></a>
                                      </div>
                                    </div>
                                    <div class="product-tile-price text-center">
                                      <div class="">
                                        <!---->
                                        <!---->
                                        <span class="h4"
                                          ><span>Â£2.95</span></span
                                        >
                                        <div class="small text-gray-me">
                                          <p class="m-0">
                                            <small
                                              property="price"
                                              data-qa="product-price"
                                              class="mr-1 text-gray-small"
                                              ><span
                                                >Â£0.59 per 100g</span
                                              ></small
                                            >
                                          </p>
                                        </div>
                                      </div>
                                      <!---->
                                    </div>
                                    <div class="drs-fee text-center">
                                      <span>&nbsp;</span>
                                    </div>
                                  </div>
                                  <div
                                    id="vueSearchResults|ADD|pg1|pos22"
                                    class="product-tile-button-container d-flex justify-content-center px-3 mt-2"
                                  >
                                    <div>
                                      <button
                                        data-qa="search-buy-now"
                                        data-oc-click="addToCart"
                                        class="btn btn-transactional btn-block"
                                      >
                                        Add
                                      </button>
                                    </div>
                                  </div>
                                  <!---->
                                  <!---->
                                </div>
                              </div>
                              <div
                                data-qa="search-results"
                                class="col-6 col-md-4 col-xl-3"
                              >
                                <div
                                  data-product-id="5449000131836"
                                  xmlns:v-on="v-on"
                                  xmlns:v-bind="v-bind"
                                  xmlns=""
                                  data-qa="search-result"
                                  id="vueSearchResults|PDP|pg1|pos23"
                                  class="product-tile d-flex flex-column h-100 py-4"
                                >
                                  <!---->
                                  <div
                                    class="image-tile"
                                    style="position: relative"
                                  >
                                    <a
                                      href="/en-GB/p-coca-cola-zero-sugar-500ml/5449000131836"
                                      data-productid="5449000131836"
                                      data-oc-click="searchProductClick"
                                      class="product-tile-media"
                                      ><figure>
                                        <img
                                          xmlns:v-bind="v-bind"
                                          src="https://aldprdproductimages.azureedge.net/media/resized\$Aldi_GB\19.05.22\5449000131836_0_M.jpg"
                                          alt="Coca-Cola Zero Sugar 500ml"
                                          onerror="imgError(this)"
                                          class="img-fluid product-image"
                                        />
                                      </figure>
                                      <!----></a
                                    >
                                    <!---->
                                  </div>
                                  <div
                                    class="d-flex justify-content-between p-3"
                                  >
                                    <div class="text-gray-small">500ml</div>
                                    <div class="product-tile-wishlist">
                                      <span
                                        ><a
                                          data-qa="product-add-to-wishlist"
                                          title="Add to Favourites"
                                          class="add-to-wishlist p-0"
                                          ><i
                                            class="icoaldi-heart text-white heart-shadow-light h4"
                                          ></i></a
                                      ></span>
                                    </div>
                                  </div>
                                  <div
                                    class="product-tile-text text-center px-3 mb-3"
                                  >
                                    <!---->
                                    <a
                                      data-qa="search-product-title"
                                      href="/en-GB/p-coca-cola-zero-sugar-500ml/5449000131836"
                                      title="Coca-Cola Zero Sugar 500ml"
                                      data-productid="5449000131836"
                                      data-oc-click="searchProductClick"
                                      class="p text-default-font"
                                    >
                                      Coca-Cola Zero Sugar 500ml
                                    </a>
                                  </div>
                                  <div
                                    class="d-flex flex-column flex-grow-1 justify-content-end px-3"
                                  >
                                    <div class="text-center">
                                      <div class="btn px-1">
                                        <a
                                          href="/en-GB/drinks/soft-drinks-juices/soft-fizzy-drinks"
                                          class="font-weight-bold text-decoration-none"
                                          >View rest of shelf&nbsp;<i
                                            class="pl-1 fa fa-lg fa-angle-right d-inline"
                                          ></i
                                        ></a>
                                      </div>
                                    </div>
                                    <div class="product-tile-price text-center">
                                      <div class="">
                                        <!---->
                                        <!---->
                                        <span class="h4"
                                          ><span>Â£1.69</span></span
                                        >
                                        <div class="small text-gray-me">
                                          <p class="m-0">
                                            <small
                                              property="price"
                                              data-qa="product-price"
                                              class="mr-1 text-gray-small"
                                              ><span
                                                >Â£0.34 per 100ml</span
                                              ></small
                                            >
                                          </p>
                                        </div>
                                      </div>
                                      <!---->
                                    </div>
                                    <div class="drs-fee text-center">
                                      <span>&nbsp;</span>
                                    </div>
                                  </div>
                                  <div
                                    id="vueSearchResults|ADD|pg1|pos23"
                                    class="product-tile-button-container d-flex justify-content-center px-3 mt-2"
                                  >
                                    <div>
                                      <button
                                        data-qa="search-buy-now"
                                        data-oc-click="addToCart"
                                        class="btn btn-transactional btn-block"
                                      >
                                        Add
                                      </button>
                                    </div>
                                  </div>
                                  <!---->
                                  <!---->
                                </div>
                              </div>
                              <div
                                data-qa="search-results"
                                class="col-6 col-md-4 col-xl-3"
                              >
                                <div
                                  data-product-id="54491472"
                                  xmlns:v-on="v-on"
                                  xmlns:v-bind="v-bind"
                                  xmlns=""
                                  data-qa="search-result"
                                  id="vueSearchResults|PDP|pg1|pos24"
                                  class="product-tile d-flex flex-column h-100 py-4"
                                >
                                  <!---->
                                  <div
                                    class="image-tile"
                                    style="position: relative"
                                  >
                                    <a
                                      href="/en-GB/p-coca-cola-original-taste-500ml/54491472"
                                      data-productid="54491472"
                                      data-oc-click="searchProductClick"
                                      class="product-tile-media"
                                      ><figure>
                                        <img
                                          xmlns:v-bind="v-bind"
                                          src="https://aldprdproductimages.azureedge.net/media/resized\$Aldi_GB\12.08.22 (2)\54491472_0_M.jpg"
                                          alt="Coca-Cola Original Taste 500ml"
                                          onerror="imgError(this)"
                                          class="img-fluid product-image"
                                        />
                                      </figure>
                                      <!----></a
                                    >
                                    <!---->
                                  </div>
                                  <div
                                    class="d-flex justify-content-between p-3"
                                  >
                                    <div class="text-gray-small">500ml</div>
                                    <div class="product-tile-wishlist">
                                      <span
                                        ><a
                                          data-qa="product-add-to-wishlist"
                                          title="Add to Favourites"
                                          class="add-to-wishlist p-0"
                                          ><i
                                            class="icoaldi-heart text-white heart-shadow-light h4"
                                          ></i></a
                                      ></span>
                                    </div>
                                  </div>
                                  <div
                                    class="product-tile-text text-center px-3 mb-3"
                                  >
                                    <!---->
                                    <a
                                      data-qa="search-product-title"
                                      href="/en-GB/p-coca-cola-original-taste-500ml/54491472"
                                      title="Coca-Cola Original Taste 500ml"
                                      data-productid="54491472"
                                      data-oc-click="searchProductClick"
                                      class="p text-default-font"
                                    >
                                      Coca-Cola Original Taste 500ml
                                    </a>
                                  </div>
                                  <div
                                    class="d-flex flex-column flex-grow-1 justify-content-end px-3"
                                  >
                                    <div class="text-center">
                                      <div class="btn px-1">
                                        <a
                                          href="/en-GB/drinks/soft-drinks-juices/soft-fizzy-drinks"
                                          class="font-weight-bold text-decoration-none"
                                          >View rest of shelf&nbsp;<i
                                            class="pl-1 fa fa-lg fa-angle-right d-inline"
                                          ></i
                                        ></a>
                                      </div>
                                    </div>
                                    <div class="product-tile-price text-center">
                                      <div class="">
                                        <!---->
                                        <!---->
                                        <span class="h4"
                                          ><span>Â£1.79</span></span
                                        >
                                        <div class="small text-gray-me">
                                          <p class="m-0">
                                            <small
                                              property="price"
                                              data-qa="product-price"
                                              class="mr-1 text-gray-small"
                                              ><span
                                                >Â£0.36 per 100ml</span
                                              ></small
                                            >
                                          </p>
                                        </div>
                                      </div>
                                      <!---->
                                    </div>
                                    <div class="drs-fee text-center">
                                      <span>&nbsp;</span>
                                    </div>
                                  </div>
                                  <div
                                    id="vueSearchResults|ADD|pg1|pos24"
                                    class="product-tile-button-container d-flex justify-content-center px-3 mt-2"
                                  >
                                    <div>
                                      <button
                                        data-qa="search-buy-now"
                                        data-oc-click="addToCart"
                                        class="btn btn-transactional btn-block"
                                      >
                                        Add
                                      </button>
                                    </div>
                                  </div>
                                  <!---->
                                  <!---->
                                </div>
                              </div>
                              <div
                                data-qa="search-results"
                                class="col-6 col-md-4 col-xl-3"
                              >
                                <div
                                  data-product-id="54491496"
                                  xmlns:v-on="v-on"
                                  xmlns:v-bind="v-bind"
                                  xmlns=""
                                  data-qa="search-result"
                                  id="vueSearchResults|PDP|pg1|pos25"
                                  class="product-tile d-flex flex-column h-100 py-4"
                                >
                                  <!---->
                                  <div
                                    class="image-tile"
                                    style="position: relative"
                                  >
                                    <a
                                      href="/en-GB/p-diet-coke-500ml/54491496"
                                      data-productid="54491496"
                                      data-oc-click="searchProductClick"
                                      class="product-tile-media"
                                      ><figure>
                                        <img
                                          xmlns:v-bind="v-bind"
                                          src="https://aldprdproductimages.azureedge.net/media/resized\$Aldi_GB\25.05.22\54491496_0_M.jpg"
                                          alt="Diet Coke 500ml"
                                          onerror="imgError(this)"
                                          class="img-fluid product-image"
                                        />
                                      </figure>
                                      <!----></a
                                    >
                                    <!---->
                                  </div>
                                  <div
                                    class="d-flex justify-content-between p-3"
                                  >
                                    <div class="text-gray-small">500ml</div>
                                    <div class="product-tile-wishlist">
                                      <span
                                        ><a
                                          data-qa="product-add-to-wishlist"
                                          title="Add to Favourites"
                                          class="add-to-wishlist p-0"
                                          ><i
                                            class="icoaldi-heart text-white heart-shadow-light h4"
                                          ></i></a
                                      ></span>
                                    </div>
                                  </div>
                                  <div
                                    class="product-tile-text text-center px-3 mb-3"
                                  >
                                    <!---->
                                    <a
                                      data-qa="search-product-title"
                                      href="/en-GB/p-diet-coke-500ml/54491496"
                                      title="Diet Coke 500ml"
                                      data-productid="54491496"
                                      data-oc-click="searchProductClick"
                                      class="p text-default-font"
                                    >
                                      Diet Coke 500ml
                                    </a>
                                  </div>
                                  <div
                                    class="d-flex flex-column flex-grow-1 justify-content-end px-3"
                                  >
                                    <div class="text-center">
                                      <div class="btn px-1">
                                        <a
                                          href="/en-GB/drinks/soft-drinks-juices/soft-fizzy-drinks"
                                          class="font-weight-bold text-decoration-none"
                                          >View rest of shelf&nbsp;<i
                                            class="pl-1 fa fa-lg fa-angle-right d-inline"
                                          ></i
                                        ></a>
                                      </div>
                                    </div>
                                    <div class="product-tile-price text-center">
                                      <div class="">
                                        <!---->
                                        <!---->
                                        <span class="h4"
                                          ><span>Â£1.69</span></span
                                        >
                                        <div class="small text-gray-me">
                                          <p class="m-0">
                                            <small
                                              property="price"
                                              data-qa="product-price"
                                              class="mr-1 text-gray-small"
                                              ><span
                                                >Â£0.34 per 100ml</span
                                              ></small
                                            >
                                          </p>
                                        </div>
                                      </div>
                                      <!---->
                                    </div>
                                    <div class="drs-fee text-center">
                                      <span>&nbsp;</span>
                                    </div>
                                  </div>
                                  <div
                                    id="vueSearchResults|ADD|pg1|pos25"
                                    class="product-tile-button-container d-flex justify-content-center px-3 mt-2"
                                  >
                                    <div>
                                      <button
                                        data-qa="search-buy-now"
                                        data-oc-click="addToCart"
                                        class="btn btn-transactional btn-block"
                                      >
                                        Add
                                      </button>
                                    </div>
                                  </div>
                                  <!---->
                                  <!---->
                                </div>
                              </div>
                              <div
                                data-qa="search-results"
                                class="col-6 col-md-4 col-xl-3"
                              >
                                <div
                                  data-product-id="5010082132792"
                                  xmlns:v-on="v-on"
                                  xmlns:v-bind="v-bind"
                                  xmlns=""
                                  data-qa="search-result"
                                  id="vueSearchResults|PDP|pg1|pos26"
                                  class="product-tile d-flex flex-column h-100 py-4"
                                >
                                  <!---->
                                  <div
                                    class="image-tile"
                                    style="position: relative"
                                  >
                                    <a
                                      href="/en-GB/p-lees-12-mini-snowballs-135g/5010082132792"
                                      data-productid="5010082132792"
                                      data-oc-click="searchProductClick"
                                      class="product-tile-media"
                                      ><figure>
                                        <img
                                          xmlns:v-bind="v-bind"
                                          src="https://aldprdproductimages.azureedge.net/media/$Aldi_GB/04.10.22/5010082132792_0.jpg"
                                          alt="Lees 12 Mini Snowballs 135g"
                                          onerror="imgError(this)"
                                          class="img-fluid product-image"
                                        />
                                      </figure>
                                      <!----></a
                                    >
                                    <!---->
                                  </div>
                                  <div
                                    class="d-flex justify-content-between p-3"
                                  >
                                    <div class="text-gray-small">135g</div>
                                    <div class="product-tile-wishlist">
                                      <span
                                        ><a
                                          data-qa="product-add-to-wishlist"
                                          title="Add to Favourites"
                                          class="add-to-wishlist p-0"
                                          ><i
                                            class="icoaldi-heart text-white heart-shadow-light h4"
                                          ></i></a
                                      ></span>
                                    </div>
                                  </div>
                                  <div
                                    class="product-tile-text text-center px-3 mb-3"
                                  >
                                    <!---->
                                    <a
                                      data-qa="search-product-title"
                                      href="/en-GB/p-lees-12-mini-snowballs-135g/5010082132792"
                                      title="Lees 12 Mini Snowballs 135g"
                                      data-productid="5010082132792"
                                      data-oc-click="searchProductClick"
                                      class="p text-default-font"
                                    >
                                      Lees 12 Mini Snowballs 135g
                                    </a>
                                  </div>
                                  <div
                                    class="d-flex flex-column flex-grow-1 justify-content-end px-3"
                                  >
                                    <div class="text-center">
                                      <div class="btn px-1">
                                        <a
                                          href="/en-GB/bakery/cakes/cakes"
                                          class="font-weight-bold text-decoration-none"
                                          >View rest of shelf&nbsp;<i
                                            class="pl-1 fa fa-lg fa-angle-right d-inline"
                                          ></i
                                        ></a>
                                      </div>
                                    </div>
                                    <div class="product-tile-price text-center">
                                      <div class="">
                                        <!---->
                                        <!---->
                                        <span class="h4"
                                          ><span>Â£1.19</span></span
                                        >
                                        <div class="small text-gray-me">
                                          <p class="m-0">
                                            <small
                                              property="price"
                                              data-qa="product-price"
                                              class="mr-1 text-gray-small"
                                              ><span>Â£0.10 each</span></small
                                            >
                                          </p>
                                        </div>
                                      </div>
                                      <!---->
                                    </div>
                                    <div class="drs-fee text-center">
                                      <span>&nbsp;</span>
                                    </div>
                                  </div>
                                  <div
                                    id="vueSearchResults|ADD|pg1|pos26"
                                    class="product-tile-button-container d-flex justify-content-center px-3 mt-2"
                                  >
                                    <div>
                                      <button
                                        data-qa="search-buy-now"
                                        data-oc-click="addToCart"
                                        class="btn btn-transactional btn-block"
                                      >
                                        Add
                                      </button>
                                    </div>
                                  </div>
                                  <!---->
                                  <!---->
                                </div>
                              </div>
                              <div
                                data-qa="search-results"
                                class="col-6 col-md-4 col-xl-3"
                              >
                                <div
                                  data-product-id="5449000669902"
                                  xmlns:v-on="v-on"
                                  xmlns:v-bind="v-bind"
                                  xmlns=""
                                  data-qa="search-result"
                                  id="vueSearchResults|PDP|pg1|pos27"
                                  class="product-tile d-flex flex-column h-100 py-4"
                                >
                                  <!---->
                                  <div
                                    class="image-tile"
                                    style="position: relative"
                                  >
                                    <a
                                      href="/en-GB/p-coca-cola-zero-sugar-2l/5449000669902"
                                      data-productid="5449000669902"
                                      data-oc-click="searchProductClick"
                                      class="product-tile-media"
                                      ><figure>
                                        <img
                                          xmlns:v-bind="v-bind"
                                          src="https://aldprdproductimages.azureedge.net/media/$Aldi_GB/04.10.22/5449000669902_0.jpg"
                                          alt="Coca-Cola Zero Sugar 2l"
                                          onerror="imgError(this)"
                                          class="img-fluid product-image"
                                        />
                                      </figure>
                                      <!----></a
                                    >
                                    <!---->
                                  </div>
                                  <div
                                    class="d-flex justify-content-between p-3"
                                  >
                                    <div class="text-gray-small">2l</div>
                                    <div class="product-tile-wishlist">
                                      <span
                                        ><a
                                          data-qa="product-add-to-wishlist"
                                          title="Add to Favourites"
                                          class="add-to-wishlist p-0"
                                          ><i
                                            class="icoaldi-heart text-white heart-shadow-light h4"
                                          ></i></a
                                      ></span>
                                    </div>
                                  </div>
                                  <div
                                    class="product-tile-text text-center px-3 mb-3"
                                  >
                                    <!---->
                                    <a
                                      data-qa="search-product-title"
                                      href="/en-GB/p-coca-cola-zero-sugar-2l/5449000669902"
                                      title="Coca-Cola Zero Sugar 2l"
                                      data-productid="5449000669902"
                                      data-oc-click="searchProductClick"
                                      class="p text-default-font"
                                    >
                                      Coca-Cola Zero Sugar 2l
                                    </a>
                                  </div>
                                  <div
                                    class="d-flex flex-column flex-grow-1 justify-content-end px-3"
                                  >
                                    <div class="text-center">
                                      <div class="btn px-1">
                                        <a
                                          href="/en-GB/drinks/soft-drinks-juices/soft-fizzy-drinks"
                                          class="font-weight-bold text-decoration-none"
                                          >View rest of shelf&nbsp;<i
                                            class="pl-1 fa fa-lg fa-angle-right d-inline"
                                          ></i
                                        ></a>
                                      </div>
                                    </div>
                                    <div class="product-tile-price text-center">
                                      <div class="">
                                        <!---->
                                        <!---->
                                        <span class="h4"
                                          ><span>Â£1.85</span></span
                                        >
                                        <div class="small text-gray-me">
                                          <p class="m-0">
                                            <small
                                              property="price"
                                              data-qa="product-price"
                                              class="mr-1 text-gray-small"
                                              ><span
                                                >Â£0.09 per 100ml</span
                                              ></small
                                            >
                                          </p>
                                        </div>
                                      </div>
                                      <!---->
                                    </div>
                                    <div class="drs-fee text-center">
                                      <span>&nbsp;</span>
                                    </div>
                                  </div>
                                  <div
                                    id="vueSearchResults|ADD|pg1|pos27"
                                    class="product-tile-button-container d-flex justify-content-center px-3 mt-2"
                                  >
                                    <div>
                                      <button
                                        data-qa="search-buy-now"
                                        data-oc-click="addToCart"
                                        class="btn btn-transactional btn-block"
                                      >
                                        Add
                                      </button>
                                    </div>
                                  </div>
                                  <!---->
                                  <!---->
                                </div>
                              </div>
                              <div
                                data-qa="search-results"
                                class="col-6 col-md-4 col-xl-3"
                              >
                                <div
                                  data-product-id="5449000673039"
                                  xmlns:v-on="v-on"
                                  xmlns:v-bind="v-bind"
                                  xmlns=""
                                  data-qa="search-result"
                                  id="vueSearchResults|PDP|pg1|pos28"
                                  class="product-tile d-flex flex-column h-100 py-4"
                                >
                                  <!---->
                                  <div
                                    class="image-tile"
                                    style="position: relative"
                                  >
                                    <a
                                      href="/en-GB/p-diet-coke-2l/5449000673039"
                                      data-productid="5449000673039"
                                      data-oc-click="searchProductClick"
                                      class="product-tile-media"
                                      ><figure>
                                        <img
                                          xmlns:v-bind="v-bind"
                                          src="https://aldprdproductimages.azureedge.net/media/$Aldi_GB/04.10.22/5449000673039_0.jpg"
                                          alt="Diet Coke 2l"
                                          onerror="imgError(this)"
                                          class="img-fluid product-image"
                                        />
                                      </figure>
                                      <!----></a
                                    >
                                    <!---->
                                  </div>
                                  <div
                                    class="d-flex justify-content-between p-3"
                                  >
                                    <div class="text-gray-small">2l</div>
                                    <div class="product-tile-wishlist">
                                      <span
                                        ><a
                                          data-qa="product-add-to-wishlist"
                                          title="Add to Favourites"
                                          class="add-to-wishlist p-0"
                                          ><i
                                            class="icoaldi-heart text-white heart-shadow-light h4"
                                          ></i></a
                                      ></span>
                                    </div>
                                  </div>
                                  <div
                                    class="product-tile-text text-center px-3 mb-3"
                                  >
                                    <!---->
                                    <a
                                      data-qa="search-product-title"
                                      href="/en-GB/p-diet-coke-2l/5449000673039"
                                      title="Diet Coke 2l"
                                      data-productid="5449000673039"
                                      data-oc-click="searchProductClick"
                                      class="p text-default-font"
                                    >
                                      Diet Coke 2l
                                    </a>
                                  </div>
                                  <div
                                    class="d-flex flex-column flex-grow-1 justify-content-end px-3"
                                  >
                                    <div class="text-center">
                                      <div class="btn px-1">
                                        <a
                                          href="/en-GB/drinks/soft-drinks-juices/soft-fizzy-drinks"
                                          class="font-weight-bold text-decoration-none"
                                          >View rest of shelf&nbsp;<i
                                            class="pl-1 fa fa-lg fa-angle-right d-inline"
                                          ></i
                                        ></a>
                                      </div>
                                    </div>
                                    <div class="product-tile-price text-center">
                                      <div class="">
                                        <!---->
                                        <!---->
                                        <span class="h4"
                                          ><span>Â£1.85</span></span
                                        >
                                        <div class="small text-gray-me">
                                          <p class="m-0">
                                            <small
                                              property="price"
                                              data-qa="product-price"
                                              class="mr-1 text-gray-small"
                                              ><span
                                                >Â£0.09 per 100ml</span
                                              ></small
                                            >
                                          </p>
                                        </div>
                                      </div>
                                      <!---->
                                    </div>
                                    <div class="drs-fee text-center">
                                      <span>&nbsp;</span>
                                    </div>
                                  </div>
                                  <div
                                    id="vueSearchResults|ADD|pg1|pos28"
                                    class="product-tile-button-container d-flex justify-content-center px-3 mt-2"
                                  >
                                    <div>
                                      <button
                                        data-qa="search-buy-now"
                                        data-oc-click="addToCart"
                                        class="btn btn-transactional btn-block"
                                      >
                                        Add
                                      </button>
                                    </div>
                                  </div>
                                  <!---->
                                  <!---->
                                </div>
                              </div>
                              <div
                                data-qa="search-results"
                                class="col-6 col-md-4 col-xl-3"
                              >
                                <div
                                  data-product-id="5000193034559"
                                  xmlns:v-on="v-on"
                                  xmlns:v-bind="v-bind"
                                  xmlns=""
                                  data-qa="search-result"
                                  id="vueSearchResults|PDP|pg1|pos29"
                                  class="product-tile d-flex flex-column h-100 py-4"
                                >
                                  <!---->
                                  <div
                                    class="image-tile"
                                    style="position: relative"
                                  >
                                    <a
                                      href="/en-GB/p-dr-pepper-500ml/5000193034559"
                                      data-productid="5000193034559"
                                      data-oc-click="searchProductClick"
                                      class="product-tile-media"
                                      ><figure>
                                        <img
                                          xmlns:v-bind="v-bind"
                                          src="https://aldprdproductimages.azureedge.net/media/resized\$Aldi_GB\5000193034559_2ddeb7013f0348f5b6ee8dc3eed82fb9_M.jpg"
                                          alt="Dr Pepper 500ml"
                                          onerror="imgError(this)"
                                          class="img-fluid product-image"
                                        />
                                      </figure>
                                      <!----></a
                                    >
                                    <!---->
                                  </div>
                                  <div
                                    class="d-flex justify-content-between p-3"
                                  >
                                    <div class="text-gray-small">500ml</div>
                                    <div class="product-tile-wishlist">
                                      <span
                                        ><a
                                          data-qa="product-add-to-wishlist"
                                          title="Add to Favourites"
                                          class="add-to-wishlist p-0"
                                          ><i
                                            class="icoaldi-heart text-white heart-shadow-light h4"
                                          ></i></a
                                      ></span>
                                    </div>
                                  </div>
                                  <div
                                    class="product-tile-text text-center px-3 mb-3"
                                  >
                                    <!---->
                                    <a
                                      data-qa="search-product-title"
                                      href="/en-GB/p-dr-pepper-500ml/5000193034559"
                                      title="Dr Pepper 500ml"
                                      data-productid="5000193034559"
                                      data-oc-click="searchProductClick"
                                      class="p text-default-font"
                                    >
                                      Dr Pepper 500ml
                                    </a>
                                  </div>
                                  <div
                                    class="d-flex flex-column flex-grow-1 justify-content-end px-3"
                                  >
                                    <div class="text-center">
                                      <div class="btn px-1">
                                        <a
                                          href="/en-GB/drinks/soft-drinks-juices/soft-fizzy-drinks"
                                          class="font-weight-bold text-decoration-none"
                                          >View rest of shelf&nbsp;<i
                                            class="pl-1 fa fa-lg fa-angle-right d-inline"
                                          ></i
                                        ></a>
                                      </div>
                                    </div>
                                    <div class="product-tile-price text-center">
                                      <div class="">
                                        <!---->
                                        <!---->
                                        <span class="h4"
                                          ><span>Â£1.69</span></span
                                        >
                                        <div class="small text-gray-me">
                                          <p class="m-0">
                                            <small
                                              property="price"
                                              data-qa="product-price"
                                              class="mr-1 text-gray-small"
                                              ><span
                                                >Â£0.34 per 100ml</span
                                              ></small
                                            >
                                          </p>
                                        </div>
                                      </div>
                                      <!---->
                                    </div>
                                    <div class="drs-fee text-center">
                                      <span>&nbsp;</span>
                                    </div>
                                  </div>
                                  <div
                                    id="vueSearchResults|ADD|pg1|pos29"
                                    class="product-tile-button-container d-flex justify-content-center px-3 mt-2"
                                  >
                                    <div>
                                      <button
                                        data-qa="search-buy-now"
                                        data-oc-click="addToCart"
                                        class="btn btn-transactional btn-block"
                                      >
                                        Add
                                      </button>
                                    </div>
                                  </div>
                                  <!---->
                                  <!---->
                                </div>
                              </div>
                              <div
                                data-qa="search-results"
                                class="col-6 col-md-4 col-xl-3"
                              >
                                <div
                                  data-product-id="5010228012926"
                                  xmlns:v-on="v-on"
                                  xmlns:v-bind="v-bind"
                                  xmlns=""
                                  data-qa="search-result"
                                  id="vueSearchResults|PDP|pg1|pos30"
                                  class="product-tile d-flex flex-column h-100 py-4"
                                >
                                  <!---->
                                  <div
                                    class="image-tile"
                                    style="position: relative"
                                  >
                                    <a
                                      href="/en-GB/p-fries-to-go-crispy-fries-in-minutes-2-x-90g/5010228012926"
                                      data-productid="5010228012926"
                                      data-oc-click="searchProductClick"
                                      class="product-tile-media"
                                      ><figure>
                                        <img
                                          xmlns:v-bind="v-bind"
                                          src="https://aldprdproductimages.azureedge.net/media/resized\$Aldi_GB\10.10.23\5010228012926_0_M.jpg"
                                          alt="Fries To Go Crispy Fries In Minutes 2 X 90g"
                                          onerror="imgError(this)"
                                          class="img-fluid product-image"
                                        />
                                      </figure>
                                      <span
                                        class="pl-2 d-inline-flex flex-column-reverse badge-overlay"
                                        ><span
                                          ><img
                                            xmlns:v-bind="v-bind"
                                            src="/media/d4c6415a-bc19-4d66-a2a6-01e8571f3cfe/suFqRg/Badges/SnowflakeFrozen.png"
                                            alt="SnowflakeFrozen"
                                            aria-hidden="true"
                                            onerror="this.style.color='inherit'"
                                            class="pt-2 plp-image-badges" /></span></span
                                    ></a>
                                    <!---->
                                  </div>
                                  <div
                                    class="d-flex justify-content-between p-3"
                                  >
                                    <div class="text-gray-small">2 x 90g</div>
                                    <div class="product-tile-wishlist">
                                      <span
                                        ><a
                                          data-qa="product-add-to-wishlist"
                                          title="Add to Favourites"
                                          class="add-to-wishlist p-0"
                                          ><i
                                            class="icoaldi-heart text-white heart-shadow-light h4"
                                          ></i></a
                                      ></span>
                                    </div>
                                  </div>
                                  <div
                                    class="product-tile-text text-center px-3 mb-3"
                                  >
                                    <!---->
                                    <a
                                      data-qa="search-product-title"
                                      href="/en-GB/p-fries-to-go-crispy-fries-in-minutes-2-x-90g/5010228012926"
                                      title="Fries To Go Crispy Fries In Minutes 2 X 90g"
                                      data-productid="5010228012926"
                                      data-oc-click="searchProductClick"
                                      class="p text-default-font"
                                    >
                                      Fries To Go Crispy Fries In Minutes 2 X
                                      90g
                                    </a>
                                  </div>
                                  <div
                                    class="d-flex flex-column flex-grow-1 justify-content-end px-3"
                                  >
                                    <div class="text-center">
                                      <div class="btn px-1">
                                        <a
                                          href="/en-GB/frozen/frozen-chips-potato"
                                          class="font-weight-bold text-decoration-none"
                                          >View rest of shelf&nbsp;<i
                                            class="pl-1 fa fa-lg fa-angle-right d-inline"
                                          ></i
                                        ></a>
                                      </div>
                                    </div>
                                    <div class="product-tile-price text-center">
                                      <div class="">
                                        <!---->
                                        <!---->
                                        <span class="h4"
                                          ><span>Â£1.80</span></span
                                        >
                                        <div class="small text-gray-me">
                                          <p class="m-0">
                                            <small
                                              property="price"
                                              data-qa="product-price"
                                              class="mr-1 text-gray-small"
                                              ><span>Â£10.00 per kg</span></small
                                            >
                                          </p>
                                        </div>
                                      </div>
                                      <!---->
                                    </div>
                                    <div class="drs-fee text-center">
                                      <span>&nbsp;</span>
                                    </div>
                                  </div>
                                  <div
                                    id="vueSearchResults|ADD|pg1|pos30"
                                    class="product-tile-button-container d-flex justify-content-center px-3 mt-2"
                                  >
                                    <div>
                                      <button
                                        data-qa="search-buy-now"
                                        data-oc-click="addToCart"
                                        class="btn btn-transactional btn-block"
                                      >
                                        Add
                                      </button>
                                    </div>
                                  </div>
                                  <!---->
                                  <!---->
                                </div>
                              </div>
                              <div
                                data-qa="search-results"
                                class="col-6 col-md-4 col-xl-3"
                              >
                                <div
                                  data-product-id="8719200269743"
                                  xmlns:v-on="v-on"
                                  xmlns:v-bind="v-bind"
                                  xmlns=""
                                  data-qa="search-result"
                                  id="vueSearchResults|PDP|pg1|pos31"
                                  class="product-tile d-flex flex-column h-100 py-4"
                                >
                                  <!---->
                                  <div
                                    class="image-tile"
                                    style="position: relative"
                                  >
                                    <a
                                      href="/en-GB/p-flora-buttery-450g/8719200269743"
                                      data-productid="8719200269743"
                                      data-oc-click="searchProductClick"
                                      class="product-tile-media"
                                      ><figure>
                                        <img
                                          xmlns:v-bind="v-bind"
                                          src="https://aldprdproductimages.azureedge.net/media/$Aldi_GB/23.10.23/8719200269743_0.jpg"
                                          alt="Flora Buttery 450g"
                                          onerror="imgError(this)"
                                          class="img-fluid product-image"
                                        />
                                      </figure>
                                      <!----></a
                                    >
                                    <!---->
                                  </div>
                                  <div
                                    class="d-flex justify-content-between p-3"
                                  >
                                    <div class="text-gray-small">450g</div>
                                    <div class="product-tile-wishlist">
                                      <span
                                        ><a
                                          data-qa="product-add-to-wishlist"
                                          title="Add to Favourites"
                                          class="add-to-wishlist p-0"
                                          ><i
                                            class="icoaldi-heart text-white heart-shadow-light h4"
                                          ></i></a
                                      ></span>
                                    </div>
                                  </div>
                                  <div
                                    class="product-tile-text text-center px-3 mb-3"
                                  >
                                    <!---->
                                    <a
                                      data-qa="search-product-title"
                                      href="/en-GB/p-flora-buttery-450g/8719200269743"
                                      title="Flora Buttery 450g"
                                      data-productid="8719200269743"
                                      data-oc-click="searchProductClick"
                                      class="p text-default-font"
                                    >
                                      Flora Buttery 450g
                                    </a>
                                  </div>
                                  <div
                                    class="d-flex flex-column flex-grow-1 justify-content-end px-3"
                                  >
                                    <div class="text-center">
                                      <div class="btn px-1">
                                        <a
                                          href="/en-GB/food-cupboard/home-baking/pastry"
                                          class="font-weight-bold text-decoration-none"
                                          >View rest of shelf&nbsp;<i
                                            class="pl-1 fa fa-lg fa-angle-right d-inline"
                                          ></i
                                        ></a>
                                      </div>
                                    </div>
                                    <div class="product-tile-price text-center">
                                      <div class="">
                                        <!---->
                                        <!---->
                                        <span class="h4"
                                          ><span>Â£1.89</span></span
                                        >
                                        <div class="small text-gray-me">
                                          <p class="m-0">
                                            <small
                                              property="price"
                                              data-qa="product-price"
                                              class="mr-1 text-gray-small"
                                              ><span>Â£4.20 per kg</span></small
                                            >
                                          </p>
                                        </div>
                                      </div>
                                      <!---->
                                    </div>
                                    <div class="drs-fee text-center">
                                      <span>&nbsp;</span>
                                    </div>
                                  </div>
                                  <div
                                    id="vueSearchResults|ADD|pg1|pos31"
                                    class="product-tile-button-container d-flex justify-content-center px-3 mt-2"
                                  >
                                    <div>
                                      <button
                                        data-qa="search-buy-now"
                                        data-oc-click="addToCart"
                                        class="btn btn-transactional btn-block"
                                      >
                                        Add
                                      </button>
                                    </div>
                                  </div>
                                  <!---->
                                  <!---->
                                </div>
                              </div>
                              <div
                                data-qa="search-results"
                                class="col-6 col-md-4 col-xl-3"
                              >
                                <div
                                  data-product-id="8719200269934"
                                  xmlns:v-on="v-on"
                                  xmlns:v-bind="v-bind"
                                  xmlns=""
                                  data-qa="search-result"
                                  id="vueSearchResults|PDP|pg1|pos32"
                                  class="product-tile d-flex flex-column h-100 py-4"
                                >
                                  <!---->
                                  <div
                                    class="image-tile"
                                    style="position: relative"
                                  >
                                    <a
                                      href="/en-GB/p-flora-lighter-450g/8719200269934"
                                      data-productid="8719200269934"
                                      data-oc-click="searchProductClick"
                                      class="product-tile-media"
                                      ><figure>
                                        <img
                                          xmlns:v-bind="v-bind"
                                          src="https://aldprdproductimages.azureedge.net/media/$Aldi_GB/23.10.23/8719200269934_0.jpg"
                                          alt="Flora Lighter 450g"
                                          onerror="imgError(this)"
                                          class="img-fluid product-image"
                                        />
                                      </figure>
                                      <!----></a
                                    >
                                    <!---->
                                  </div>
                                  <div
                                    class="d-flex justify-content-between p-3"
                                  >
                                    <div class="text-gray-small">450g</div>
                                    <div class="product-tile-wishlist">
                                      <span
                                        ><a
                                          data-qa="product-add-to-wishlist"
                                          title="Add to Favourites"
                                          class="add-to-wishlist p-0"
                                          ><i
                                            class="icoaldi-heart text-white heart-shadow-light h4"
                                          ></i></a
                                      ></span>
                                    </div>
                                  </div>
                                  <div
                                    class="product-tile-text text-center px-3 mb-3"
                                  >
                                    <!---->
                                    <a
                                      data-qa="search-product-title"
                                      href="/en-GB/p-flora-lighter-450g/8719200269934"
                                      title="Flora Lighter 450g"
                                      data-productid="8719200269934"
                                      data-oc-click="searchProductClick"
                                      class="p text-default-font"
                                    >
                                      Flora Lighter 450g
                                    </a>
                                  </div>
                                  <div
                                    class="d-flex flex-column flex-grow-1 justify-content-end px-3"
                                  >
                                    <div class="text-center">
                                      <div class="btn px-1">
                                        <a
                                          href="/en-GB/food-cupboard/home-baking/pastry"
                                          class="font-weight-bold text-decoration-none"
                                          >View rest of shelf&nbsp;<i
                                            class="pl-1 fa fa-lg fa-angle-right d-inline"
                                          ></i
                                        ></a>
                                      </div>
                                    </div>
                                    <div class="product-tile-price text-center">
                                      <div class="">
                                        <!---->
                                        <!---->
                                        <span class="h4"
                                          ><span>Â£1.89</span></span
                                        >
                                        <div class="small text-gray-me">
                                          <p class="m-0">
                                            <small
                                              property="price"
                                              data-qa="product-price"
                                              class="mr-1 text-gray-small"
                                              ><span>Â£4.20 per kg</span></small
                                            >
                                          </p>
                                        </div>
                                      </div>
                                      <!---->
                                    </div>
                                    <div class="drs-fee text-center">
                                      <span>&nbsp;</span>
                                    </div>
                                  </div>
                                  <div
                                    id="vueSearchResults|ADD|pg1|pos32"
                                    class="product-tile-button-container d-flex justify-content-center px-3 mt-2"
                                  >
                                    <div>
                                      <button
                                        data-qa="search-buy-now"
                                        data-oc-click="addToCart"
                                        class="btn btn-transactional btn-block"
                                      >
                                        Add
                                      </button>
                                    </div>
                                  </div>
                                  <!---->
                                  <!---->
                                </div>
                              </div>
                              <div
                                data-qa="search-results"
                                class="col-6 col-md-4 col-xl-3"
                              >
                                <div
                                  data-product-id="50107452"
                                  xmlns:v-on="v-on"
                                  xmlns:v-bind="v-bind"
                                  xmlns=""
                                  data-qa="search-result"
                                  id="vueSearchResults|PDP|pg1|pos33"
                                  class="product-tile d-flex flex-column h-100 py-4"
                                >
                                  <!---->
                                  <div
                                    class="image-tile"
                                    style="position: relative"
                                  >
                                    <a
                                      href="/en-GB/p-irn-bru-sugar-free-500ml/50107452"
                                      data-productid="50107452"
                                      data-oc-click="searchProductClick"
                                      class="product-tile-media"
                                      ><figure>
                                        <img
                                          xmlns:v-bind="v-bind"
                                          src="https://aldprdproductimages.azureedge.net/media/resized\$Aldi_GB\04.02.2022\50107452_0_M.jpg"
                                          alt="Irn-bru Sugar Free 500ml"
                                          onerror="imgError(this)"
                                          class="img-fluid product-image"
                                        />
                                      </figure>
                                      <span
                                        class="pl-2 d-inline-flex flex-column-reverse badge-overlay"
                                        ><span
                                          ><img
                                            xmlns:v-bind="v-bind"
                                            src="/media/e7dedb82-ffda-4f71-a384-f9e954457dbf/suFqRg/Badges/ScottishStoresOnly.png"
                                            alt="ScottishStoresOnly"
                                            aria-hidden="true"
                                            onerror="this.style.color='inherit'"
                                            class="pt-2 plp-image-badges" /></span></span
                                    ></a>
                                    <!---->
                                  </div>
                                  <div
                                    class="d-flex justify-content-between p-3"
                                  >
                                    <div class="text-gray-small">500ml</div>
                                    <div class="product-tile-wishlist">
                                      <span
                                        ><a
                                          data-qa="product-add-to-wishlist"
                                          title="Add to Favourites"
                                          class="add-to-wishlist p-0"
                                          ><i
                                            class="icoaldi-heart text-white heart-shadow-light h4"
                                          ></i></a
                                      ></span>
                                    </div>
                                  </div>
                                  <div
                                    class="product-tile-text text-center px-3 mb-3"
                                  >
                                    <!---->
                                    <a
                                      data-qa="search-product-title"
                                      href="/en-GB/p-irn-bru-sugar-free-500ml/50107452"
                                      title="Irn-bru Sugar Free 500ml"
                                      data-productid="50107452"
                                      data-oc-click="searchProductClick"
                                      class="p text-default-font"
                                    >
                                      Irn-bru Sugar Free 500ml
                                    </a>
                                  </div>
                                  <div
                                    class="d-flex flex-column flex-grow-1 justify-content-end px-3"
                                  >
                                    <div class="text-center">
                                      <div class="btn px-1">
                                        <a
                                          href="/en-GB/drinks/soft-drinks-juices/soft-fizzy-drinks"
                                          class="font-weight-bold text-decoration-none"
                                          >View rest of shelf&nbsp;<i
                                            class="pl-1 fa fa-lg fa-angle-right d-inline"
                                          ></i
                                        ></a>
                                      </div>
                                    </div>
                                    <div class="product-tile-price text-center">
                                      <div class="">
                                        <!---->
                                        <!---->
                                        <span class="h4"
                                          ><span>Â£1.09</span></span
                                        >
                                        <div class="small text-gray-me">
                                          <p class="m-0">
                                            <small
                                              property="price"
                                              data-qa="product-price"
                                              class="mr-1 text-gray-small"
                                              ><span
                                                >Â£0.22 per 100ml</span
                                              ></small
                                            >
                                          </p>
                                        </div>
                                      </div>
                                      <!---->
                                    </div>
                                    <div class="drs-fee text-center">
                                      <span>&nbsp;</span>
                                    </div>
                                  </div>
                                  <div
                                    id="vueSearchResults|ADD|pg1|pos33"
                                    class="product-tile-button-container d-flex justify-content-center px-3 mt-2"
                                  >
                                    <div>
                                      <button
                                        data-qa="search-buy-now"
                                        data-oc-click="addToCart"
                                        class="btn btn-transactional btn-block"
                                      >
                                        Add
                                      </button>
                                    </div>
                                  </div>
                                  <!---->
                                  <!---->
                                </div>
                              </div>
                              <div
                                data-qa="search-results"
                                class="col-6 col-md-4 col-xl-3"
                              >
                                <div
                                  data-product-id="50382811"
                                  xmlns:v-on="v-on"
                                  xmlns:v-bind="v-bind"
                                  xmlns=""
                                  data-qa="search-result"
                                  id="vueSearchResults|PDP|pg1|pos34"
                                  class="product-tile d-flex flex-column h-100 py-4"
                                >
                                  <!---->
                                  <div
                                    class="image-tile"
                                    style="position: relative"
                                  >
                                    <a
                                      href="/en-GB/p-irn-bru-sugar-free-2l/50382811"
                                      data-productid="50382811"
                                      data-oc-click="searchProductClick"
                                      class="product-tile-media"
                                      ><figure>
                                        <img
                                          xmlns:v-bind="v-bind"
                                          src="https://aldprdproductimages.azureedge.net/media/resized\$Aldi_GB\20.01.23\50382811_0_M.jpg"
                                          alt="Irn-bru Sugar Free 2l"
                                          onerror="imgError(this)"
                                          class="img-fluid product-image"
                                        />
                                      </figure>
                                      <!----></a
                                    >
                                    <!---->
                                  </div>
                                  <div
                                    class="d-flex justify-content-between p-3"
                                  >
                                    <div class="text-gray-small">2l</div>
                                    <div class="product-tile-wishlist">
                                      <span
                                        ><a
                                          data-qa="product-add-to-wishlist"
                                          title="Add to Favourites"
                                          class="add-to-wishlist p-0"
                                          ><i
                                            class="icoaldi-heart text-white heart-shadow-light h4"
                                          ></i></a
                                      ></span>
                                    </div>
                                  </div>
                                  <div
                                    class="product-tile-text text-center px-3 mb-3"
                                  >
                                    <!---->
                                    <a
                                      data-qa="search-product-title"
                                      href="/en-GB/p-irn-bru-sugar-free-2l/50382811"
                                      title="Irn-bru Sugar Free 2l"
                                      data-productid="50382811"
                                      data-oc-click="searchProductClick"
                                      class="p text-default-font"
                                    >
                                      Irn-bru Sugar Free 2l
                                    </a>
                                  </div>
                                  <div
                                    class="d-flex flex-column flex-grow-1 justify-content-end px-3"
                                  >
                                    <div class="text-center">
                                      <div class="btn px-1">
                                        <a
                                          href="/en-GB/drinks/soft-drinks-juices/soft-fizzy-drinks"
                                          class="font-weight-bold text-decoration-none"
                                          >View rest of shelf&nbsp;<i
                                            class="pl-1 fa fa-lg fa-angle-right d-inline"
                                          ></i
                                        ></a>
                                      </div>
                                    </div>
                                    <div class="product-tile-price text-center">
                                      <div class="">
                                        <!---->
                                        <!---->
                                        <span class="h4"
                                          ><span>Â£1.69</span></span
                                        >
                                        <div class="small text-gray-me">
                                          <p class="m-0">
                                            <small
                                              property="price"
                                              data-qa="product-price"
                                              class="mr-1 text-gray-small"
                                              ><span
                                                >Â£0.85 per litre</span
                                              ></small
                                            >
                                          </p>
                                        </div>
                                      </div>
                                      <!---->
                                    </div>
                                    <div class="drs-fee text-center">
                                      <span>&nbsp;</span>
                                    </div>
                                  </div>
                                  <div
                                    id="vueSearchResults|ADD|pg1|pos34"
                                    class="product-tile-button-container d-flex justify-content-center px-3 mt-2"
                                  >
                                    <div>
                                      <button
                                        data-qa="search-buy-now"
                                        data-oc-click="addToCart"
                                        class="btn btn-transactional btn-block"
                                      >
                                        Add
                                      </button>
                                    </div>
                                  </div>
                                  <!---->
                                  <!---->
                                </div>
                              </div>
                              <div
                                data-qa="search-results"
                                class="col-6 col-md-4 col-xl-3"
                              >
                                <div
                                  data-product-id="4088600434179"
                                  xmlns:v-on="v-on"
                                  xmlns:v-bind="v-bind"
                                  xmlns=""
                                  data-qa="search-result"
                                  id="vueSearchResults|PDP|pg1|pos35"
                                  class="product-tile d-flex flex-column h-100 py-4"
                                >
                                  <!---->
                                  <div
                                    class="image-tile"
                                    style="position: relative"
                                  >
                                    <a
                                      href="/en-GB/p-dentitex-alcohol-free-cool-mint-mouthwash-500ml/4088600434179"
                                      data-productid="4088600434179"
                                      data-oc-click="searchProductClick"
                                      class="product-tile-media"
                                      ><figure>
                                        <img
                                          xmlns:v-bind="v-bind"
                                          src="https://aldprdproductimages.azureedge.net/media/resized\$Aldi_GB\23.02.22\4088600434179_0_M.jpg"
                                          alt="Dentitex Alcohol Free Cool Mint Mouthwash 500ml"
                                          onerror="imgError(this)"
                                          class="img-fluid product-image"
                                        />
                                      </figure>
                                      <!----></a
                                    >
                                    <!---->
                                  </div>
                                  <div
                                    class="d-flex justify-content-between p-3"
                                  >
                                    <div class="text-gray-small">500ml</div>
                                    <div class="product-tile-wishlist">
                                      <span
                                        ><a
                                          data-qa="product-add-to-wishlist"
                                          title="Add to Favourites"
                                          class="add-to-wishlist p-0"
                                          ><i
                                            class="icoaldi-heart text-white heart-shadow-light h4"
                                          ></i></a
                                      ></span>
                                    </div>
                                  </div>
                                  <div
                                    class="product-tile-text text-center px-3 mb-3"
                                  >
                                    <!---->
                                    <a
                                      data-qa="search-product-title"
                                      href="/en-GB/p-dentitex-alcohol-free-cool-mint-mouthwash-500ml/4088600434179"
                                      title="Dentitex Alcohol Free Cool Mint Mouthwash 500ml"
                                      data-productid="4088600434179"
                                      data-oc-click="searchProductClick"
                                      class="p text-default-font"
                                    >
                                      Dentitex Alcohol Free Cool Mint Mouthwash
                                      500ml
                                    </a>
                                  </div>
                                  <div
                                    class="d-flex flex-column flex-grow-1 justify-content-end px-3"
                                  >
                                    <div class="text-center">
                                      <div class="btn px-1">
                                        <a
                                          href="/en-GB/health-beauty/dental-care/oral-care"
                                          class="font-weight-bold text-decoration-none"
                                          >View rest of shelf&nbsp;<i
                                            class="pl-1 fa fa-lg fa-angle-right d-inline"
                                          ></i
                                        ></a>
                                      </div>
                                    </div>
                                    <div class="product-tile-price text-center">
                                      <div class="">
                                        <!---->
                                        <!---->
                                        <span class="h4"
                                          ><span>Â£0.99</span></span
                                        >
                                        <div class="small text-gray-me">
                                          <p class="m-0">
                                            <small
                                              property="price"
                                              data-qa="product-price"
                                              class="mr-1 text-gray-small"
                                              ><span
                                                >Â£0.20 per 100ml</span
                                              ></small
                                            >
                                          </p>
                                        </div>
                                      </div>
                                      <!---->
                                    </div>
                                    <div class="drs-fee text-center">
                                      <span>&nbsp;</span>
                                    </div>
                                  </div>
                                  <div
                                    id="vueSearchResults|ADD|pg1|pos35"
                                    class="product-tile-button-container d-flex justify-content-center px-3 mt-2"
                                  >
                                    <div>
                                      <button
                                        data-qa="search-buy-now"
                                        data-oc-click="addToCart"
                                        class="btn btn-transactional btn-block"
                                      >
                                        Add
                                      </button>
                                    </div>
                                  </div>
                                  <!---->
                                  <!---->
                                </div>
                              </div>
                              <div
                                data-qa="search-results"
                                class="col-6 col-md-4 col-xl-3"
                              >
                                <div
                                  data-product-id="4088600013756"
                                  xmlns:v-on="v-on"
                                  xmlns:v-bind="v-bind"
                                  xmlns=""
                                  data-qa="search-result"
                                  id="vueSearchResults|PDP|pg1|pos36"
                                  class="product-tile d-flex flex-column h-100 py-4"
                                >
                                  <!---->
                                  <div
                                    class="image-tile"
                                    style="position: relative"
                                  >
                                    <a
                                      href="/en-GB/p-dominion-sugar-free-mini-gums-75g/4088600013756"
                                      data-productid="4088600013756"
                                      data-oc-click="searchProductClick"
                                      class="product-tile-media"
                                      ><figure>
                                        <img
                                          xmlns:v-bind="v-bind"
                                          src="https://aldprdproductimages.azureedge.net/media/resized\$Aldi_GB\10.08.23\4088600013756_0_M.jpg"
                                          alt="Dominion Sugar Free Mini Gums 75g"
                                          onerror="imgError(this)"
                                          class="img-fluid product-image"
                                        />
                                      </figure>
                                      <!----></a
                                    >
                                    <!---->
                                  </div>
                                  <div
                                    class="d-flex justify-content-between p-3"
                                  >
                                    <div class="text-gray-small">75g</div>
                                    <div class="product-tile-wishlist">
                                      <span
                                        ><a
                                          data-qa="product-add-to-wishlist"
                                          title="Add to Favourites"
                                          class="add-to-wishlist p-0"
                                          ><i
                                            class="icoaldi-heart text-white heart-shadow-light h4"
                                          ></i></a
                                      ></span>
                                    </div>
                                  </div>
                                  <div
                                    class="product-tile-text text-center px-3 mb-3"
                                  >
                                    <!---->
                                    <a
                                      data-qa="search-product-title"
                                      href="/en-GB/p-dominion-sugar-free-mini-gums-75g/4088600013756"
                                      title="Dominion Sugar Free Mini Gums 75g"
                                      data-productid="4088600013756"
                                      data-oc-click="searchProductClick"
                                      class="p text-default-font"
                                    >
                                      Dominion Sugar Free Mini Gums 75g
                                    </a>
                                  </div>
                                  <div
                                    class="d-flex flex-column flex-grow-1 justify-content-end px-3"
                                  >
                                    <div class="text-center">
                                      <div class="btn px-1">
                                        <a
                                          href="/en-GB/food-cupboard/sweets-chocolate/jellies-gummy-sweets"
                                          class="font-weight-bold text-decoration-none"
                                          >View rest of shelf&nbsp;<i
                                            class="pl-1 fa fa-lg fa-angle-right d-inline"
                                          ></i
                                        ></a>
                                      </div>
                                    </div>
                                    <div class="product-tile-price text-center">
                                      <div class="">
                                        <!---->
                                        <!---->
                                        <span class="h4"
                                          ><span>Â£0.95</span></span
                                        >
                                        <div class="small text-gray-me">
                                          <p class="m-0">
                                            <small
                                              property="price"
                                              data-qa="product-price"
                                              class="mr-1 text-gray-small"
                                              ><span
                                                >Â£1.27 per 100g</span
                                              ></small
                                            >
                                          </p>
                                        </div>
                                      </div>
                                      <!---->
                                    </div>
                                    <div class="drs-fee text-center">
                                      <span>&nbsp;</span>
                                    </div>
                                  </div>
                                  <div
                                    id="vueSearchResults|ADD|pg1|pos36"
                                    class="product-tile-button-container d-flex justify-content-center px-3 mt-2"
                                  >
                                    <div>
                                      <button
                                        data-qa="search-buy-now"
                                        data-oc-click="addToCart"
                                        class="btn btn-transactional btn-block"
                                      >
                                        Add
                                      </button>
                                    </div>
                                  </div>
                                  <!---->
                                  <!---->
                                </div>
                              </div>
                            </div>
                          </div>
                        </div>
                        <div class="row filters-row d-block pt-2">
                          <div
                            id="vueSearchResults9343fe83bca54e568879121963d32a64"
                            data-oc-controller="ContentSearch.SearchResults"
                            xmlns:v-on="v-on"
                            xmlns:v-bind="v-bind"
                            data-vueid="vueSearchResults9343fe83bca54e568879121963d32a64"
                            data-pages="4"
                            class="pagination-dropdown"
                          >
                            <ul
                              class="pagination m-0 align-items-center justify-content-end"
                            >
                              <li class="page-item previous disabled">
                                <a title="Previous" class="btn-nav bg-white"
                                  ><img
                                    src="//aldiprdcmscontent.azureedge.net/UI.Package/Images/chevron-left.svg?4c2ae88c"
                                /></a>
                              </li>
                              <li class="page-item mx-2">
                                <div class="dropdown">
                                  <button
                                    type="button"
                                    data-qa="page-select-toggle"
                                    data-toggle="dropdown"
                                    aria-expanded="true"
                                    class="btn btn-filter arrow dropdown-toggle shadow width-180"
                                  >
                                    page&nbsp;1
                                  </button>
                                  <div
                                    role="menu"
                                    data-qa="page-select"
                                    class="dropdown-menu dropdown-menu-sm-right dropdown-menu-md-right"
                                  >
                                    <a class="dropdown-item"> page&nbsp;1 </a
                                    ><a class="dropdown-item"> page&nbsp;2 </a
                                    ><a class="dropdown-item"> page&nbsp;3 </a
                                    ><a class="dropdown-item"> page&nbsp;4 </a>
                                  </div>
                                </div>
                              </li>
                              <li class="page-item">
                                <span class="d-flex-inline pt-2">
                                  &nbsp;of 4&nbsp;
                                </span>
                              </li>
                              <li class="page-item next ml-2">
                                <a title="Next" class="btn-nav bg-white"
                                  ><img
                                    src="//aldiprdcmscontent.azureedge.net/UI.Package/Images/chevron-right.svg?4c280ae5"
                                /></a>
                              </li>
                            </ul>
                          </div>
                        </div>
                      </div>
                    </div>
                  </div>
                </div>
              </div>
            </div>
          </div>
        </div>
      </div>
    </div>
  </div>
  <div></div>
  <div>
    <div class="c1-two-columns-grid row" style="background-color: transparent">
      <div class="col-lg-6 d-flex flex-column">
        <div class="teaser-cta card shadow h-100" style="margin-bottom: 0">
          <div class="card-body p-0">
            <div class="row no-gutters h-100">
              <div
                class="teaser-cta-background-image w-100"
                style="
                  background-image: url('//aldiprdcmscontent.azureedge.net/media/d843d438-b2c9-429e-a94e-3ad22187f8d8/caKI5Q/Homepage/Shop%20with%20CC/CLICKANDCOLLECT-558x200.jpg');
                "
              >
                <div
                  class="teaser-cta-content-container col-sm-7 px-3 py-4 d-flex flex-column h-100"
                >
                  <h3 class="mt-0 text-white"></h3>
                  <div class="row mt-auto">
                    <div class="col-md-10">
                      <a href="/en-GB/Stores" class="btn btn-primary d-block"
                        >CHECK AVAILABILITY</a
                      >
                    </div>
                  </div>
                </div>
                <div class="teaser-cta-image-container col-sm-5"></div>
              </div>
            </div>
          </div>
        </div>
      </div>
      <div class="col-lg-6 d-flex flex-column">
        <div class="teaser-cta card shadow h-100" style="margin-bottom: 0">
          <div class="card-body p-0">
            <div class="row no-gutters h-100">
              <div
                class="teaser-cta-background-image w-100"
                style="
                  background-image: url('//aldiprdcmscontent.azureedge.net/media/bf40032a-2840-4f8b-ac49-aa22663d22ae/-UiYbA/Homepage/Midweek%20Meals/2024/MIDWEEKMEALS-558X200%202.jpg');
                "
              >
                <div
                  class="teaser-cta-content-container col-sm-7 px-3 py-4 d-flex flex-column h-100"
                >
                  <h3 class="mt-0 text-white"></h3>
                  <div class="row mt-auto">
                    <div class="col-md-10">
                      <a
                        href="/en-GB/midweek-meals"
                        class="btn btn-primary d-block"
                        >SHOP NOW</a
                      >
                    </div>
                  </div>
                </div>
                <div class="teaser-cta-image-container col-sm-5"></div>
              </div>
            </div>
          </div>
        </div>
      </div>
    </div>
    <p>&nbsp; &nbsp;&nbsp;</p>
  </div>
  <div></div>
</div>
<footer class="footer bg-primary">
  <div class="container-md">
    <div
      id="accordion"
      class="row footer-main-section"
      role="tablist"
      aria-multiselectable="false"
    >
      <div class="footer-logo col-lg-1 d-none d-lg-block">
        <a href="/en-GB/"
          ><img
            src="//aldiprdcmscontent.azureedge.net/UI.Package/Images/aldi_logo.svg?4c3c602d"
            alt="aldi logo"
            class="footer-img"
        /></a>
      </div>
      <div class="col-md-4 col-lg-2 col-12 col-sm-7">
        <div data-templateid="FooterNavList" class="row">
          <ul
            class="nav nav-footer-entry list-unstyled collapse-mobile flex-column flex-sm-row flex-grow-1"
            role="presentation"
          >
            <li class="nav-item">
              <h5 id="0" role="tab">
                <a
                  class="collapsed d-flex justify-content-between align-items-center d-md-none"
                  role="button"
                  data-toggle="collapse"
                  data-parent="#accordion"
                  href="#footer-collapse-0"
                  aria-expanded="false"
                  aria-controls="footer-collapse-0"
                  style=""
                  ><span>Help</span
                  ><span class="float-right collapsed-icon"
                    ><i class="icoaldi-expand-plus h3 text-white"></i></span
                  ><span class="float-right expanded-icon"
                    ><i
                      class="icoaldi-expand-minus h3 text-white"
                    ></i></span></a
                ><a
                  href=""
                  target="_self"
                  role="button"
                  class="footer-nolink d-none d-md-block"
                  style=""
                  aria-haspopup="true"
                >
                  Help
                </a>
              </h5>
              <div id="footer-collapse-0" class="collapse" role="tabpanel">
                <ul
                  class="nav nav-text nav-stacked nav-footer-list flex-column flex-sm-row"
                >
                  <li class="nav-item">
                    <a
                      class="nav-link"
                      data-qa="footer-link"
                      href="/en-GB/About-Click--Collect?origin=footer&amp;c1=help&amp;c2=about-click-collect&amp;clickedon=about-click-collect"
                      target="_self"
                      style=""
                    >
                      About Click &amp; Collect
                    </a>
                  </li>
                  <li class="nav-item">
                    <a
                      class="nav-link"
                      data-qa="footer-link"
                      href="https://security.aldi-sued.com/?origin=footer&amp;c1=help&amp;c2=security-policy&amp;clickedon=security-policy"
                      target="_blank"
                      style=""
                    >
                      Security Policy
                    </a>
                  </li>
                  <li class="nav-item">
                    <a
                      class="nav-link"
                      data-qa="footer-link"
                      href="https://help.aldi.co.uk/s/topic/0TO4K0000004W0WWAU/click-collect-faqs?origin=footer&amp;c1=help&amp;c2=faqs&amp;clickedon=faqs"
                      target="_blank"
                      style=""
                    >
                      FAQs
                    </a>
                  </li>
                  <li class="nav-item">
                    <a
                      class="nav-link"
                      data-qa="footer-link"
                      href="https://help.aldi.co.uk/s/topic/0TO4K0000004W26WAE/product-notices?origin=footer&amp;c1=help&amp;c2=product-notices&amp;clickedon=product-notices"
                      target="_blank"
                      style=""
                    >
                      Product Notices
                    </a>
                  </li>
                  <li class="nav-item">
                    <a
                      class="nav-link"
                      data-qa="footer-link"
                      href="/en-GB/Stores?origin=footer&amp;c1=help&amp;c2=store-finder&amp;clickedon=store-finder"
                      target="_self"
                      style=""
                    >
                      Store Finder
                    </a>
                  </li>
                  <li class="nav-item">
                    <a
                      class="nav-link"
                      data-qa="footer-link"
                      href="/en-GB/Terms--Conditions?origin=footer&amp;c1=help&amp;c2=terms-and-conditions&amp;clickedon=terms-and-conditions"
                      target="_self"
                      style=""
                    >
                      Terms and Conditions
                    </a>
                  </li>
                  <li class="nav-item">
                    <a
                      class="nav-link"
                      data-qa="footer-link"
                      href="/en-GB/Privacy-Notice?origin=footer&amp;c1=help&amp;c2=privacy-notice&amp;clickedon=privacy-notice"
                      target="_blank"
                      style=""
                    >
                      Privacy Notice
                    </a>
                  </li>
                  <li class="nav-item" data-oc-controller="Navigation.Footer">
                    <a
                      class="nav-link manage-cookie"
                      data-qa="footer-link"
                      data-oc-click="openCookiePreferences"
                      style=""
                    >
                      Manage Cookie Preferences
                    </a>
                  </li>
                </ul>
              </div>
            </li>
          </ul>
        </div>
      </div>
      <div class="col-md-4 col-lg-2 col-12 col-sm-7">
        <div data-templateid="FooterNavList" class="row">
          <ul
            class="nav nav-footer-entry list-unstyled collapse-mobile flex-column flex-sm-row flex-grow-1"
            role="presentation"
          >
            <li class="nav-item">
              <h5 id="1" role="tab">
                <a
                  class="collapsed d-flex justify-content-between align-items-center d-md-none"
                  role="button"
                  data-toggle="collapse"
                  data-parent="#accordion"
                  href="#footer-collapse-1"
                  aria-expanded="false"
                  aria-controls="footer-collapse-1"
                  style=""
                  ><span>About ALDI</span
                  ><span class="float-right collapsed-icon"
                    ><i class="icoaldi-expand-plus h3 text-white"></i></span
                  ><span class="float-right expanded-icon"
                    ><i
                      class="icoaldi-expand-minus h3 text-white"
                    ></i></span></a
                ><a
                  href=""
                  target="_self"
                  role="button"
                  class="footer-nolink d-none d-md-block"
                  style=""
                  aria-haspopup="true"
                >
                  About ALDI
                </a>
              </h5>
              <div id="footer-collapse-1" class="collapse" role="tabpanel">
                <ul
                  class="nav nav-text nav-stacked nav-footer-list flex-column flex-sm-row"
                >
                  <li class="nav-item">
                    <a
                      class="nav-link"
                      data-qa="footer-link"
                      href="https://www.aldi.co.uk/awards?utm_source=AldiCCuk&amp;utm_medium=AldiCCukFooter&amp;utm_content=Awards&amp;origin=footer&amp;c1=about-aldi&amp;c2=awards&amp;clickedon=awards"
                      target="_self"
                      style=""
                    >
                      Awards
                    </a>
                  </li>
                  <li class="nav-item">
                    <a
                      class="nav-link"
                      data-qa="footer-link"
                      href="https://www.aldi.co.uk/team-gb?utm_source=AldiCCuk&amp;utm_medium=AldiCCukFooter&amp;utm_content=TeamGB&amp;origin=footer&amp;c1=about-aldi&amp;c2=team-gb&amp;clickedon=team-gb"
                      target="_self"
                      style=""
                    >
                      Team GB
                    </a>
                  </li>
                  <li class="nav-item">
                    <a
                      class="nav-link"
                      data-qa="footer-link"
                      href="https://www.aldi.co.uk/corporate-responsibility?utm_source=AldiCCuk&amp;utm_medium=AldiCCukFooter&amp;utm_content=CR&amp;origin=footer&amp;c1=about-aldi&amp;c2=corporate-responsibility&amp;clickedon=corporate-responsibility"
                      target="_self"
                      style=""
                    >
                      Corporate Responsibility
                    </a>
                  </li>
                  <li class="nav-item">
                    <a
                      class="nav-link"
                      data-qa="footer-link"
                      href="/en-GB/Modern-Slavery-Act?origin=footer&amp;c1=about-aldi&amp;c2=modern-slavery-act&amp;clickedon=modern-slavery-act"
                      target="_blank"
                      style=""
                    >
                      Modern Slavery Act
                    </a>
                  </li>
                  <li class="nav-item">
                    <a
                      class="nav-link"
                      data-qa="footer-link"
                      href="http://www.aldi.com/?aldiurl=true&amp;origin=footer&amp;c1=about-aldi&amp;c2=aldi-international&amp;clickedon=aldi-international"
                      target="_blank"
                      style=""
                    >
                      ALDI International
                    </a>
                  </li>
                  <li class="nav-item">
                    <a
                      class="nav-link"
                      data-qa="footer-link"
                      href="https://www.aldi.co.uk/tell-aldi?utm_source=AldiCCuk&amp;utm_medium=AldiCCukFooter&amp;utm_content=TellAldi&amp;origin=footer&amp;c1=about-aldi&amp;c2=tell-aldi&amp;clickedon=tell-aldi"
                      target="_self"
                      style=""
                    >
                      Tell ALDI
                    </a>
                  </li>
                </ul>
              </div>
            </li>
          </ul>
        </div>
      </div>
      <div class="col-md-4 col-lg-2 col-12 col-sm-7">
        <div data-templateid="FooterNavList" class="row">
          <ul
            class="nav nav-footer-entry list-unstyled collapse-mobile flex-column flex-sm-row flex-grow-1"
            role="presentation"
          >
            <li class="nav-item">
              <h5 id="2" role="tab">
                <a
                  class="collapsed d-flex justify-content-between align-items-center d-md-none"
                  role="button"
                  data-toggle="collapse"
                  data-parent="#accordion"
                  href="#footer-collapse-2"
                  aria-expanded="false"
                  aria-controls="footer-collapse-2"
                  style=""
                  ><span>Information</span
                  ><span class="float-right collapsed-icon"
                    ><i class="icoaldi-expand-plus h3 text-white"></i></span
                  ><span class="float-right expanded-icon"
                    ><i
                      class="icoaldi-expand-minus h3 text-white"
                    ></i></span></a
                ><a
                  href=""
                  target="_self"
                  role="button"
                  class="footer-nolink d-none d-md-block"
                  style=""
                  aria-haspopup="true"
                >
                  Information
                </a>
              </h5>
              <div id="footer-collapse-2" class="collapse" role="tabpanel">
                <ul
                  class="nav nav-text nav-stacked nav-footer-list flex-column flex-sm-row"
                >
                  <li class="nav-item">
                    <a
                      class="nav-link"
                      data-qa="footer-link"
                      href="https://www.aldirecruitment.co.uk/?utm_source=AldiCCuk&amp;utm_medium=AldiCCukFooter&amp;utm_content=Careers&amp;origin=footer&amp;c1=information&amp;c2=careers&amp;clickedon=careers"
                      target="_self"
                      style=""
                    >
                      Careers
                    </a>
                  </li>
                  <li class="nav-item">
                    <a
                      class="nav-link"
                      data-qa="footer-link"
                      href="https://www.aldi.co.uk/corporate-information?utm_source=AldiCCuk&amp;utm_medium=AldiCCukFooter&amp;utm_content=CorporateInformation&amp;origin=footer&amp;c1=information&amp;c2=corporate-information&amp;clickedon=corporate-information"
                      target="_self"
                      style=""
                    >
                      Corporate Information
                    </a>
                  </li>
                  <li class="nav-item">
                    <a
                      class="nav-link"
                      data-qa="footer-link"
                      href="https://www.aldipresscentre.co.uk/?utm_source=AldiCCuk&amp;utm_medium=AldiCCukFooter&amp;utm_content=PressCentre&amp;origin=footer&amp;c1=information&amp;c2=press-centre&amp;clickedon=press-centre"
                      target="_self"
                      style=""
                    >
                      Press Centre
                    </a>
                  </li>
                  <li class="nav-item">
                    <a
                      class="nav-link"
                      data-qa="footer-link"
                      href="https://groceries.aldi.co.uk/en-GB/gift-cards?origin=footer&amp;c1=information&amp;c2=gift-cards&amp;clickedon=gift-cards"
                      target="_self"
                      style=""
                    >
                      Gift Cards
                    </a>
                  </li>
                </ul>
              </div>
            </li>
          </ul>
        </div>
      </div>
      <div
        class="col-md-7 col-lg-5 col-sm-5 order-md-2 order-sm-2 social-links"
      >
        <div class="container-md" xmlns="">
          <div class="row">
            <div>
              <ul
                class="social-il clearfix circle s-small pull-left list-inline nav-social"
              >
                <li class="youtube">
                  <a
                    target="_blank"
                    href="https://www.youtube.com/user/AldiUK"
                    title="YouTube"
                    ><img
                      src="//aldiprdcmscontent.azureedge.net/UI.Package/Images/Social-Media-icons/YouTube.svg?4c3efce9"
                      alt=""
                    />AldiUK</a
                  >
                </li>
                <li class="twitter">
                  <a target="_blank" href="https://twitter.com/AldiUK" title="X"
                    ><img
                      src="//aldiprdcmscontent.azureedge.net/UI.Package/Images/Social-Media-icons/X.svg?2eeeb297"
                      alt=""
                    />@AldiUK</a
                  >
                </li>
                <li class="pinterest">
                  <a
                    target="_blank"
                    href="https://www.pinterest.com/aldiukstores/"
                    title="Pinterest"
                    ><img
                      src="//aldiprdcmscontent.azureedge.net/UI.Package/Images/Social-Media-icons/Pinterest.svg?4c3b5ad0"
                      alt=""
                    />AldiUK</a
                  >
                </li>
                <li class="facebook">
                  <a
                    target="_blank"
                    href="https://www.facebook.com/AldiUK"
                    title="Facebook"
                    ><img
                      src="//aldiprdcmscontent.azureedge.net/UI.Package/Images/Social-Media-icons/Facebook.svg?4c053868"
                      alt=""
                    />AldiUK</a
                  >
                </li>
                <li class="instagram">
                  <a
                    class="text-lowercase"
                    target="_blank"
                    href="https://www.instagram.com/aldiuk/"
                    title="Instagram"
                    ><img
                      src="//aldiprdcmscontent.azureedge.net/UI.Package/Images/Social-Media-icons/Instagram.svg?4c053868"
                      alt=""
                    />AldiUK</a
                  >
                </li>
              </ul>
            </div>
          </div>
        </div>
      </div>
      <div class="col-md-3 d-none d-md-block order-md-1 order-lg-2"></div>
    </div>
    <div class="row mt-sm-5 mt-md-0 justify-between no-gutter">
      <div class="copyright">
        <p class="text-copy s-small" xmlns="">
          Copyright Â© Aldi Stores Limited 2024
        </p>
      </div>
    </div>
  </div>
</footer>
<script>
  recaptcha = {};
  recaptcha.sitekey = "6LdDlf0cAAAAADAXJGWfDtbCqB9DZWk7aLMjT4ES";
  recaptcha.checkboxkey = "6Lf7w_0cAAAAANSJoB53wo2j-1xXFRdxfhvXbl-P";

  var onRecaptchaLoaded = function () {
    recaptcha.hasLoaded = true;
  };
</script>
<script src="https://www.google.com/recaptcha/enterprise.js?onload=onRecaptchaLoaded&amp;render=explicit"></script>
<script src="https://www.google.com/recaptcha/enterprise.js?render=6LdDlf0cAAAAADAXJGWfDtbCqB9DZWk7aLMjT4ES"></script>
<script
  type="text/javascript"
  src="https://maps.googleapis.com/maps/api/js?key=AIzaSyDXLso1zgDmxEVsvDa5xoJsl7n2h0iFZgw&amp;libraries=places,geometry&amp;callback=Function.prototype"
></script>
<div
  id="changeStoreModal"
  data-oc-controller="Store.ChangeStoreModal"
  tabindex="-1"
  role="dialog"
  class="modal store-selector"
>
  <div role="document" class="modal-dialog">
    <div class="modal-content px-3 pt-4">
      <div class="modal-header border-0 py-1">
        <h5 class="modal-title font-weight-bold">Your collection store</h5>
        <div
          data-dismiss="modal"
          aria-label="Close"
          class="icoaldi-close-circle btn-close"
        >
          <span class="sr-only">Close</span>
        </div>
      </div>
      <div class="border-bottom pt-2 row"></div>
      <div class="modal-body row">
        <div class="d-flex w-100">
          <div class="position-relative mb-2 flex-grow-1">
            <input
              id="changeStoreInput"
              type="text"
              placeholder="Postcode, city or address"
              xmlns:v-bind="v-bind"
              class="form-control pac-target-input"
              autocomplete="off"
            />
            <!---->
          </div>
          <div class="px-md-2 px-1">
            <button
              xmlns:v-bind="v-bind"
              xmlns:v-on="v-on"
              class="btn btn-transactional text-uppercase"
            >
              Check
            </button>
          </div>
        </div>
        <!---->
        <div class="container-fluid"><!----></div>
        <!---->
        <!---->
      </div>
      <div class="modal-footer border-0 pt-0">
        <div class="alert alert-warning">
          Some items may not be available at all collection stores or for all
          collection slots. If you change your collection store or time slot
          your basket may be updated. Local alcohol restrictions may apply.
        </div>
      </div>
    </div>
  </div>
</div>
<div
  id="maximumOrderVolumeCategoryModal"
  class="modal"
  tabindex="-1"
  role="dialog"
>
  <div class="modal-dialog" role="document">
    <div class="modal-content px-3 pt-4">
      <div class="modal-header border-0 py-1">
        <h5 class="modal-title font-weight-bold">
          Category order limit reached
        </h5>
        <div
          class="icoaldi-close-circle btn-close"
          data-dismiss="modal"
          aria-label="Close"
        >
          <span class="sr-only">Close</span>
        </div>
      </div>
      <div class="border-bottom pt-2 row"></div>
      <div class="modal-body row">
        <div class="d-flex w-100">
          <div class="alert alert-warning mb-0 text-center">
            You have reached the maximum order quantity for this product
            category <a class="d-block" href="/en-GB/FAQ">Learn more</a>
          </div>
        </div>
      </div>
      <div class="modal-footer justify-content-center">
        <button class="btn btn-primary" data-dismiss="modal" aria-label="Close">
          Continue Shopping
        </button>
      </div>
    </div>
  </div>
</div>
<div id="restrictedItemHoursModal" class="modal" tabindex="-1" role="dialog">
  <div class="modal-dialog" role="document">
    <div class="modal-content px-3 pt-4">
      <div class="modal-header border-0 py-1">
        <h5 class="modal-title font-weight-bold">Restricted Time Slot</h5>
        <div
          class="icoaldi-close-circle btn-close"
          data-dismiss="modal"
          aria-label="Close"
        >
          <span class="sr-only">Close</span>
        </div>
      </div>
      <div class="border-bottom pt-2 row"></div>
      <div class="modal-body row">
        <div class="d-flex w-100">
          <div class="alert alert-warning mb-0 text-center px-lg-4 modal-body">
            Item not available for collection in selected timeslot.
            <a class="d-block" href="/en-GB/FAQ">Learn more</a>
          </div>
        </div>
      </div>
      <div class="modal-footer justify-content-center">
        <button class="btn btn-primary" data-dismiss="modal" aria-label="Close">
          Continue Shopping
        </button>
      </div>
    </div>
  </div>
</div>
<div id="maxOrderQuantityLimitModal" class="modal" tabindex="-1" role="dialog">
  <div class="modal-dialog" role="document">
    <div class="modal-content px-3 pt-4">
      <div class="modal-header border-0 py-1">
        <h5 class="modal-title font-weight-bold">Order Limit Reached</h5>
        <div
          class="icoaldi-close-circle btn-close"
          data-dismiss="modal"
          aria-label="Close"
        >
          <span class="sr-only">Close</span>
        </div>
      </div>
      <div class="border-bottom pt-2 row"></div>
      <div class="modal-body row">
        <div class="d-flex w-100">
          <div class="alert alert-warning mb-0 text-center px-lg-4 modal-body">
            You have reached the maximum order quantity for your shop.
            <a class="d-block" href="/en-GB/FAQ">Learn more</a>
          </div>
        </div>
      </div>
    </div>
  </div>
</div>
<div id="bulkAddLimitationModal" class="modal" tabindex="-1" role="dialog">
  <div class="modal-dialog" role="document">
    <div class="modal-content px-3 pt-4">
      <div class="modal-header border-0 py-1">
        <h5 class="modal-title font-weight-bold">Please review your basket</h5>
        <div
          class="icoaldi-close-circle btn-close"
          data-dismiss="modal"
          aria-label="Close"
        >
          <span class="sr-only">Close</span>
        </div>
      </div>
      <div class="border-bottom pt-2 row"></div>
      <div class="modal-body row">
        <div class="d-flex w-100">
          <div class="alert alert-warning mb-0 text-center px-lg-4 modal-body">
            Sorry, there is a problem with one or more of the items in your
            basket, please go to your basket to review.
          </div>
          <div></div>
        </div>
      </div>
      <div class="d-flex w-100">
        <div class="py-3 mx-auto">
          <a
            class="btn btn-primary"
            href="/page(00000000-0000-0000-0000-000000000000)"
            >View Basket</a
          >
        </div>
      </div>
    </div>
  </div>
</div>
<script
  src="//aldiprdcmscontent.azureedge.net/Bundles/Scripts_4408EEB8757C34E80137EA6FF1C4424B?v=YiM0DRbMUqqI0Tfi3n6cQqHww5b-EdoI8QYm1s8PvlA1"
  type="text/javascript"
></script>

<div id="onetrust-consent-sdk">
  <div class="onetrust-pc-dark-filter ot-hide ot-fade-in"></div>
  <div
    id="onetrust-pc-sdk"
    class="otPcCenter ot-hide ot-fade-in ot-sdk-not-webkit"
    aria-modal="true"
    role="alertdialog"
    aria-labelledby="ot-pc-title"
    lang="en"
  >
    <!-- Close Button -->
    <div class="ot-pc-header">
      <!-- Logo Tag -->
      <div
        class="ot-pc-logo"
        role="img"
        aria-label="Company Logo"
        style="
          background-image: url('https://cdn-ukwest.onetrust.com/logos/135aaa43-3679-4f88-afcd-f9e314f5a415/fadf9282-420d-411c-a942-e5e2d57c0554/4327bfe6-f10b-4c6f-a5a8-9f38dfdb8203/Aldi_Logo.png');
          background-position: left;
        "
      ></div>
    </div>
    <!-- Close Button -->
    <div id="ot-pc-content" class="ot-pc-scrollbar">
      <h3 id="ot-pc-title">Privacy Preference Center</h3>
      <div id="ot-pc-desc">
        When you visit any website, it may store or retrieve information on your
        browser, mostly in the form of cookies. This information might be about
        you, your preferences or your device and is mostly used to make the site
        work as you expect it to. The information does not usually directly
        identify you, but it can give you a more personalized web experience.
        Because we respect your right to privacy, you can choose not to allow
        some types of cookies. However, blocking some types of cookies may
        impact your experience of the site and the services we are able to
        offer. <br /><a
          href="https://www.aldi.co.uk/privacy#cookies"
          class="privacy-notice-link"
          rel="noopener"
          target="_blank"
          aria-label="More information about your privacy, opens in a new tab"
          >More information</a
        >
      </div>
      <button id="accept-recommended-btn-handler">Allow All</button>
      <section class="ot-sdk-row ot-cat-grp">
        <h3 id="ot-category-title">Manage Consent Preferences</h3>
        <div
          class="ot-cat-item ot-always-active-group"
          data-optanongroupid="C0001"
        >
          <!-- Group name -->
          <h4 class="ot-cat-header" id="ot-header-id-C0001">
            Strictly Necessary Cookies
          </h4>
          <div class="ot-always-active">Always Active</div>
          <!-- Group description -->
          <p class="ot-category-desc" id="ot-desc-id-C0001">
            These cookies are necessary for the website to function and cannot
            be switched off in our systems. They are usually only set in
            response to actions made by you which amount to a request for
            services, such as setting your privacy preferences, logging in or
            filling in forms. You can set your browser to block or alert you
            about these cookies, but some parts of the site will not then work.
            These cookies do not store any personally identifiable information.
          </p>
        </div>
        <div class="ot-cat-item" data-optanongroupid="C0002">
          <!-- Group name -->
          <h4 class="ot-cat-header" id="ot-header-id-C0002">
            Performance Cookies
          </h4>
          <div class="ot-tgl">
            <input
              type="checkbox"
              name="ot-group-id-C0002"
              id="ot-group-id-C0002"
              aria-checked="true"
              role="switch"
              class="category-switch-handler"
              data-optanongroupid="C0002"
              checked=""
              aria-labelledby="ot-header-id-C0002"
            />
            <label class="ot-switch" for="ot-group-id-C0002"
              ><span class="ot-switch-nob"></span>
              <span class="ot-label-txt">Performance Cookies</span></label
            >
          </div>
          <!-- Group description -->
          <p class="ot-category-desc" id="ot-desc-id-C0002">
            These cookies allow us to count visits and traffic sources so we can
            measure and improve the performance of our site. They help us to
            know which pages are the most and least popular and see how visitors
            move around the site. All information these cookies collect is
            aggregated and therefore anonymous. If you do not allow these
            cookies we will not know when you have visited our site, and will
            not be able to monitor its performance.
          </p>
        </div>
        <div class="ot-cat-item" data-optanongroupid="C0003">
          <!-- Group name -->
          <h4 class="ot-cat-header" id="ot-header-id-C0003">
            Functional Cookies
          </h4>
          <div class="ot-tgl">
            <input
              type="checkbox"
              name="ot-group-id-C0003"
              id="ot-group-id-C0003"
              aria-checked="true"
              role="switch"
              class="category-switch-handler"
              data-optanongroupid="C0003"
              checked=""
              aria-labelledby="ot-header-id-C0003"
            />
            <label class="ot-switch" for="ot-group-id-C0003"
              ><span class="ot-switch-nob"></span>
              <span class="ot-label-txt">Functional Cookies</span></label
            >
          </div>
          <!-- Group description -->
          <p class="ot-category-desc" id="ot-desc-id-C0003">
            These cookies enable the website to provide enhanced functionality
            and personalisation. They may be set by us or by third party
            providers whose services we have added to our pages. If you do not
            allow these cookies then some or all of these services may not
            function properly.
          </p>
        </div>
        <div class="ot-cat-item" data-optanongroupid="C0004">
          <!-- Group name -->
          <h4 class="ot-cat-header" id="ot-header-id-C0004">
            Marketing Cookies
          </h4>
          <div class="ot-tgl">
            <input
              type="checkbox"
              name="ot-group-id-C0004"
              id="ot-group-id-C0004"
              aria-checked="true"
              role="switch"
              class="category-switch-handler"
              data-optanongroupid="C0004"
              checked=""
              aria-labelledby="ot-header-id-C0004"
            />
            <label class="ot-switch" for="ot-group-id-C0004"
              ><span class="ot-switch-nob"></span>
              <span class="ot-label-txt">Marketing Cookies</span></label
            >
          </div>
          <!-- Group description -->
          <p class="ot-category-desc" id="ot-desc-id-C0004">
            These cookies may be set through our site by our advertising
            partners. They may be used by those companies to build a profile of
            your interests and show you relevant adverts on other sites. They do
            not store directly personal information, but are based on uniquely
            identifying your browser and internet device. If you do not allow
            these cookies, you will experience less targeted advertising.
          </p>
        </div>
        <!-- Groups sections starts --><!-- Group section ends --><!-- Accordion Group section starts --><!-- Accordion Group section ends -->
      </section>
    </div>
    <section
      id="ot-pc-lst"
      class="ot-hide ot-hosts-ui ot-pc-scrollbar ot-enbl-chr"
    >
      <div id="ot-pc-hdr">
        <h3 id="ot-lst-title">
          <button class="ot-link-btn back-btn-handler" aria-label="Back">
            <svg
              id="ot-back-arw"
              xmlns="http://www.w3.org/2000/svg"
              xmlns:xlink="http://www.w3.org/1999/xlink"
              x="0px"
              y="0px"
              viewBox="0 0 444.531 444.531"
              xml:space="preserve"
            >
              <title>Back Button</title>
              <g>
                <path
                  fill="#656565"
                  d="M213.13,222.409L351.88,83.653c7.05-7.043,10.567-15.657,10.567-25.841c0-10.183-3.518-18.793-10.567-25.835
                l-21.409-21.416C323.432,3.521,314.817,0,304.637,0s-18.791,3.521-25.841,10.561L92.649,196.425
                c-7.044,7.043-10.566,15.656-10.566,25.841s3.521,18.791,10.566,25.837l186.146,185.864c7.05,7.043,15.66,10.564,25.841,10.564
                s18.795-3.521,25.834-10.564l21.409-21.412c7.05-7.039,10.567-15.604,10.567-25.697c0-10.085-3.518-18.746-10.567-25.978
                L213.13,222.409z"
                ></path>
              </g>
            </svg>
          </button>
          <span>Performance Cookies</span>
        </h3>
        <div class="ot-lst-subhdr">
          <div class="ot-search-cntr">
            <p role="status" class="ot-scrn-rdr"></p>
            <label for="vendor-search-handler" class="ot-scrn-rdr"
              >Vendor Search</label
            >
            <input
              id="vendor-search-handler"
              type="text"
              placeholder="Search..."
              name="vendor-search-handler"
            />
            <svg
              xmlns="http://www.w3.org/2000/svg"
              xmlns:xlink="http://www.w3.org/1999/xlink"
              x="0px"
              y="0px"
              viewBox="0 -30 110 110"
            >
              <title>Search Icon</title>
              <path
                fill="#2e3644"
                d="M55.146,51.887L41.588,37.786c3.486-4.144,5.396-9.358,5.396-14.786c0-12.682-10.318-23-23-23s-23,10.318-23,23
        s10.318,23,23,23c4.761,0,9.298-1.436,13.177-4.162l13.661,14.208c0.571,0.593,1.339,0.92,2.162,0.92
        c0.779,0,1.518-0.297,2.079-0.837C56.255,54.982,56.293,53.08,55.146,51.887z M23.984,6c9.374,0,17,7.626,17,17s-7.626,17-17,17
        s-17-7.626-17-17S14.61,6,23.984,6z"
              ></path>
            </svg>
          </div>
          <div class="ot-fltr-cntr">
            <button
              id="filter-btn-handler"
              aria-label="Filter"
              aria-haspopup="true"
            >
              <svg
                role="presentation"
                aria-hidden="true"
                xmlns="http://www.w3.org/2000/svg"
                xmlns:xlink="http://www.w3.org/1999/xlink"
                x="0px"
                y="0px"
                viewBox="0 0 402.577 402.577"
                xml:space="preserve"
              >
                <title>Filter Icon</title>
                <g>
                  <path
                    fill="#fff"
                    d="M400.858,11.427c-3.241-7.421-8.85-11.132-16.854-11.136H18.564c-7.993,0-13.61,3.715-16.846,11.136
  c-3.234,7.801-1.903,14.467,3.999,19.985l140.757,140.753v138.755c0,4.955,1.809,9.232,5.424,12.854l73.085,73.083
  c3.429,3.614,7.71,5.428,12.851,5.428c2.282,0,4.66-0.479,7.135-1.43c7.426-3.238,11.14-8.851,11.14-16.845V172.166L396.861,31.413
  C402.765,25.895,404.093,19.231,400.858,11.427z"
                  ></path>
                </g>
              </svg>
            </button>
          </div>
          <div id="ot-anchor"></div>
          <section id="ot-fltr-modal">
            <div id="ot-fltr-cnt">
              <button id="clear-filters-handler">Clear</button>
              <div class="ot-fltr-scrlcnt ot-pc-scrollbar">
                <div class="ot-fltr-opts">
                  <div class="ot-fltr-opt">
                    <div class="ot-chkbox">
                      <input
                        id="chkbox-id"
                        type="checkbox"
                        aria-checked="false"
                        class="category-filter-handler"
                      />
                      <label for="chkbox-id"
                        ><span class="ot-label-txt">checkbox label</span></label
                      >
                      <span class="ot-label-status">label</span>
                    </div>
                  </div>
                </div>
                <div class="ot-fltr-btns">
                  <button id="filter-apply-handler">Apply</button>
                  <button id="filter-cancel-handler">Cancel</button>
                </div>
              </div>
            </div>
          </section>
        </div>
      </div>
      <section id="ot-lst-cnt" class="ot-host-cnt ot-pc-scrollbar">
        <div id="ot-sel-blk">
          <div class="ot-sel-all">
            <div class="ot-sel-all-hdr">
              <span class="ot-consent-hdr">Consent</span>
              <span class="ot-li-hdr">Leg.Interest</span>
            </div>
            <div class="ot-sel-all-chkbox">
              <div class="ot-chkbox" id="ot-selall-hostcntr">
                <input
                  id="select-all-hosts-groups-handler"
                  type="checkbox"
                  aria-checked="false"
                />
                <label for="select-all-hosts-groups-handler"
                  ><span class="ot-label-txt">checkbox label</span></label
                >
                <span class="ot-label-status">label</span>
              </div>
              <div class="ot-chkbox" id="ot-selall-vencntr">
                <input
                  id="select-all-vendor-groups-handler"
                  type="checkbox"
                  aria-checked="false"
                />
                <label for="select-all-vendor-groups-handler"
                  ><span class="ot-label-txt">checkbox label</span></label
                >
                <span class="ot-label-status">label</span>
              </div>
              <div class="ot-chkbox" id="ot-selall-licntr">
                <input
                  id="select-all-vendor-leg-handler"
                  type="checkbox"
                  aria-checked="false"
                />
                <label for="select-all-vendor-leg-handler"
                  ><span class="ot-label-txt">checkbox label</span></label
                >
                <span class="ot-label-status">label</span>
              </div>
            </div>
          </div>
        </div>
        <div class="ot-sdk-row"><div class="ot-sdk-column"></div></div>
      </section>
    </section>
    <div class="ot-pc-footer">
      <div class="ot-btn-container">
        <button class="save-preference-btn-handler onetrust-close-btn-handler">
          Confirm My Choices
        </button>
      </div>
      <!-- Footer logo -->
      <div class="ot-pc-footer-logo">
        <a
          href="https://www.onetrust.com/products/cookie-consent/"
          target="_blank"
          rel="noopener noreferrer"
          style="
            background-image: url('https://cdn-ukwest.onetrust.com/logos/static/powered_by_logo.svg');
          "
          aria-label="Powered by OneTrust Opens in a new Tab"
        ></a>
      </div>
    </div>
    <!-- Cookie subgroup container --><!-- Vendor list link --><!-- Cookie lost link --><!-- Toggle HTML element --><!-- Checkbox HTML --><!-- plus minus--><!-- Arrow SVG element --><!-- Accordion basic element --><span
      class="ot-scrn-rdr"
      aria-atomic="true"
      aria-live="polite"
    ></span
    ><iframe
      class="ot-text-resize"
      title="onetrust-text-resize"
      style="position: absolute; top: -50000px; width: 100em"
      aria-hidden="true"
    ></iframe>
  </div>
</div>
<div>
  <div
    class="grecaptcha-badge"
    data-style="bottomright"
    style="
      width: 256px;
      height: 60px;
      position: fixed;
      visibility: hidden;
      display: block;
      transition: right 0.3s ease 0s;
      bottom: 14px;
      right: -186px;
      box-shadow: gray 0px 0px 5px;
      border-radius: 2px;
      overflow: hidden;
    "
  >
    <div class="grecaptcha-logo">
      <iframe
        title="reCAPTCHA"
        width="256"
        height="60"
        role="presentation"
        name="a-eidnrbumd3a8"
        frameborder="0"
        scrolling="no"
        sandbox="allow-forms allow-popups allow-same-origin allow-scripts allow-top-navigation allow-modals allow-popups-to-escape-sandbox allow-storage-access-by-user-activation"
        src="https://www.google.com/recaptcha/enterprise/anchor?ar=1&amp;k=6LdDlf0cAAAAADAXJGWfDtbCqB9DZWk7aLMjT4ES&amp;co=aHR0cHM6Ly9ncm9jZXJpZXMuYWxkaS5jby51azo0NDM.&amp;hl=en&amp;v=vj7hFxe2iNgbe-u95xTozOXW&amp;size=invisible&amp;cb=ukmlv3kp3bi2"
      ></iframe>
    </div>
    <div class="grecaptcha-error"></div>
    <textarea
      id="g-recaptcha-response-100000"
      name="g-recaptcha-response"
      class="g-recaptcha-response"
      style="
        width: 250px;
        height: 40px;
        border: 1px solid rgb(193, 193, 193);
        margin: 10px 25px;
        padding: 0px;
        resize: none;
        display: none;
      "
    ></textarea>
  </div>
  <iframe style="display: none"></iframe>
</div>
<div
  class="pac-container pac-logo"
  style="display: none; width: 0px; position: absolute; left: 0px; top: 533px"
></div>
<div
  style="
    background-color: rgb(255, 255, 255);
    border: 1px solid rgb(204, 204, 204);
    box-shadow: rgba(0, 0, 0, 0.2) 2px 2px 3px;
    position: absolute;
    transition: visibility 0s linear 0.3s, opacity 0.3s linear 0s;
    opacity: 0;
    visibility: hidden;
    z-index: 2000000000;
    left: 0px;
    top: -10000px;
  "
>
  <div
    style="
      width: 100%;
      height: 100%;
      position: fixed;
      top: 0px;
      left: 0px;
      z-index: 2000000000;
      background-color: rgb(255, 255, 255);
      opacity: 0.05;
    "
  ></div>
  <div
    style="
      border: 11px solid transparent;
      width: 0px;
      height: 0px;
      position: absolute;
      pointer-events: none;
      margin-top: -11px;
      z-index: 2000000000;
    "
    class="g-recaptcha-bubble-arrow"
  ></div>
  <div
    style="
      border: 10px solid transparent;
      width: 0px;
      height: 0px;
      position: absolute;
      pointer-events: none;
      margin-top: -10px;
      z-index: 2000000000;
    "
    class="g-recaptcha-bubble-arrow"
  ></div>
  <div style="z-index: 2000000000; position: relative">
    <iframe
      title="recaptcha challenge expires in two minutes"
      style="width: 100%; height: 100%"
      name="c-fobu38d388q1"
      frameborder="0"
      scrolling="no"
      sandbox="allow-forms allow-popups allow-same-origin allow-scripts allow-top-navigation allow-modals allow-popups-to-escape-sandbox allow-storage-access-by-user-activation"
      src="https://www.google.com/recaptcha/enterprise/bframe?hl=en&amp;v=vj7hFxe2iNgbe-u95xTozOXW&amp;k=6Lf7w_0cAAAAANSJoB53wo2j-1xXFRdxfhvXbl-P"
    ></iframe>
  </div>
</div>
